%% This BibTeX bibliography file was created using BibDesk.
%% http://bibdesk.sourceforge.net/


%% Created for Xiaokang Qiu at 2017-06-10 23:20:13 -0400 


%% Saved with string encoding Unicode (UTF-8) 



@inbook{Z3,
	Address = {Berlin, Heidelberg},
	Author = {de Moura, Leonardo and Bj{\o}rner, Nikolaj},
	Booktitle = {Tools and Algorithms for the Construction and Analysis of Systems: 14th International Conference, TACAS 2008, Held as Part of the Joint European Conferences on Theory and Practice of Software, ETAPS 2008, Budapest, Hungary, March 29-April 6, 2008. Proceedings},
	Date-Added = {2017-06-11 03:19:29 +0000},
	Date-Modified = {2017-06-11 03:20:13 +0000},
	Doi = {10.1007/978-3-540-78800-3_24},
	Editor = {Ramakrishnan, C. R. and Rehof, Jakob},
	Isbn = {978-3-540-78800-3},
	Pages = {337--340},
	Publisher = {Springer Berlin Heidelberg},
	Title = {Z3: An Efficient SMT Solver},
	Year = {2008},
	Bdsk-Url-1 = {http://dx.doi.org/10.1007/978-3-540-78800-3_24}}

@inproceedings{Manna2007,
	Author = {Zohar Manna and Henny B. Sipma and Ting Zhang},
	Bibsource = {dblp computer science bibliography, http://dblp.org},
	Biburl = {http://dblp.uni-trier.de/rec/bib/conf/lfcs/MannaSZ07},
	Booktitle = {LFCS},
	Crossref = {DBLP:conf/lfcs/2007},
	Date-Added = {2017-03-23 05:41:47 +0000},
	Date-Modified = {2017-03-23 05:43:48 +0000},
	Doi = {10.1007/978-3-540-72734-7_26},
	Pages = {363--378},
	Timestamp = {Tue, 03 Jul 2007 10:57:52 +0200},
	Title = {Verifying Balanced Trees},
	Url = {http://dx.doi.org/10.1007/978-3-540-72734-7_26},
	Year = {2007},
	Bdsk-Url-1 = {http://dx.doi.org/10.1007/978-3-540-72734-7_26}}

@proceedings{DBLP:conf/lfcs/2007,
	Bibsource = {dblp computer science bibliography, http://dblp.org},
	Biburl = {http://dblp.uni-trier.de/rec/bib/conf/lfcs/2007},
	Date-Added = {2017-03-23 05:41:47 +0000},
	Date-Modified = {2017-03-23 05:42:25 +0000},
	Editor = {Sergei N. Art{\"{e}}mov and Anil Nerode},
	Isbn = {978-3-540-72732-3},
	Publisher = {Springer},
	Series = {LNCS},
	Timestamp = {Tue, 03 Jul 2007 10:57:52 +0200},
	Title = {LFCS},
	Volume = {4514},
	Year = {2007}}

@inproceedings{sas11,
	Author = {P. Madhusudan and Xiaokang Qiu},
	Bibsource = {dblp computer science bibliography, http://dblp.org},
	Biburl = {http://dblp.uni-trier.de/rec/bib/conf/sas/MadhusudanQ11},
	Booktitle = {Static Analysis - 18th International Symposium, {SAS} 2011, Venice, Italy, September 14-16, 2011. Proceedings},
	Crossref = {DBLP:conf/sas/2011},
	Date-Added = {2017-03-23 05:39:39 +0000},
	Date-Modified = {2017-03-23 05:40:03 +0000},
	Doi = {10.1007/978-3-642-23702-7_8},
	Pages = {43--59},
	Timestamp = {Tue, 13 Sep 2011 19:16:36 +0200},
	Title = {Efficient Decision Procedures for Heaps Using {STRAND}},
	Url = {http://dx.doi.org/10.1007/978-3-642-23702-7_8},
	Year = {2011},
	Bdsk-Url-1 = {http://dx.doi.org/10.1007/978-3-642-23702-7_8}}

@proceedings{DBLP:conf/sas/2011,
	Bibsource = {dblp computer science bibliography, http://dblp.org},
	Biburl = {http://dblp.uni-trier.de/rec/bib/conf/sas/2011},
	Date-Added = {2017-03-23 05:39:39 +0000},
	Date-Modified = {2017-03-23 05:41:09 +0000},
	Doi = {10.1007/978-3-642-23702-7},
	Editor = {Eran Yahav},
	Isbn = {978-3-642-23701-0},
	Publisher = {Springer},
	Series = {LNCS},
	Timestamp = {Tue, 13 Sep 2011 19:14:36 +0200},
	Title = {SAS'11},
	Url = {http://dx.doi.org/10.1007/978-3-642-23702-7},
	Volume = {6887},
	Year = {2011},
	Bdsk-Url-1 = {http://dx.doi.org/10.1007/978-3-642-23702-7}}

@article{Zhang06,
	Author = {Ting Zhang and Henny B. Sipma and Zohar Manna},
	Date-Added = {2017-03-23 05:28:20 +0000},
	Date-Modified = {2017-03-23 05:28:37 +0000},
	Doi = {http://dx.doi.org/10.1016/j.ic.2006.03.004},
	Issn = {0890-5401},
	Journal = {Information and Computation},
	Keywords = {Combination of satisfiability procedures},
	Number = {10},
	Pages = {1526 - 1574},
	Title = {Decision procedures for term algebras with integer constraints},
	Url = {http://www.sciencedirect.com/science/article/pii/S0890540106000630},
	Volume = {204},
	Year = {2006},
	Bdsk-Url-1 = {http://www.sciencedirect.com/science/article/pii/S0890540106000630},
	Bdsk-Url-2 = {http://dx.doi.org/10.1016/j.ic.2006.03.004}}

@inproceedings{meyerovich10,
	Acmid = {1772763},
	Address = {New York, NY, USA},
	Author = {Meyerovich, Leo A. and Bodik, Rastislav},
	Booktitle = {Proceedings of the 19th International Conference on World Wide Web},
	Date-Added = {2017-03-22 03:40:38 +0000},
	Date-Modified = {2017-03-22 03:40:38 +0000},
	Doi = {10.1145/1772690.1772763},
	Isbn = {978-1-60558-799-8},
	Keywords = {attribute grammar, box model, css, font, html, layout, mobile, multicore, selector},
	Location = {Raleigh, North Carolina, USA},
	Numpages = {10},
	Pages = {711--720},
	Publisher = {ACM},
	Series = {WWW '10},
	Title = {Fast and Parallel Webpage Layout},
	Url = {http://doi.acm.org/10.1145/1772690.1772763},
	Year = {2010},
	Bdsk-Url-1 = {http://doi.acm.org/10.1145/1772690.1772763},
	Bdsk-Url-2 = {http://dx.doi.org/10.1145/1772690.1772763}}

@inproceedings{meyerovich13,
	Author = {Leo A. Meyerovich and Matthew E. Torok and Eric Atkinson and Rastislav Bodik},
	Date-Added = {2017-03-22 03:40:38 +0000},
	Date-Modified = {2017-03-22 03:40:38 +0000},
	Series = {PPoPP '13},
	Title = {Parallel schedule synthesis for attribute grammars},
	Year = {2013}}

@inproceedings{goldfarb13sc,
	Author = {Goldfarb, Michael and Jo, Youngjoon and Kulkarni, Milind},
	Booktitle = {Proceedings of the International Conference on High Performance Computing, Networking, Storage and Analysis (Supercomputing)},
	Date-Added = {2017-03-22 02:46:33 +0000},
	Date-Modified = {2017-03-22 02:46:33 +0000},
	Location = {Denver, Colorado},
	Series = {SC '13},
	Title = {General transformations for GPU execution of tree traversals},
	Year = {2013}}

@inproceedings{rajbhandari2016fusing,
	Author = {Rajbhandari, Samyam and Kim, Jinsung and Krishnamoorthy, Sriram and Pouchet, Louis-No{\"e}l and Rastello, Fabrice and Harrison, Robert J and Sadayappan, Ponnuswamy},
	Booktitle = {Proceedings of the 25th International Conference on Compiler Construction},
	Date-Added = {2017-03-22 02:46:33 +0000},
	Date-Modified = {2017-03-22 02:46:33 +0000},
	Organization = {ACM},
	Pages = {152--162},
	Title = {On fusing recursive traversals of Kd trees},
	Year = {2016}}

@inproceedings{jo11oopsla,
	Acmid = {2048104},
	Address = {New York, NY, USA},
	Author = {Jo, Youngjoon and Kulkarni, Milind},
	Booktitle = {Proceedings of the 2011 ACM international conference on Object oriented programming systems languages and applications},
	Date-Added = {2017-03-22 02:45:47 +0000},
	Date-Modified = {2017-03-22 02:45:47 +0000},
	Doi = {http://doi.acm.org/10.1145/2048066.2048104},
	Isbn = {978-1-4503-0940-0},
	Location = {Portland, Oregon, USA},
	Numpages = {20},
	Pages = {463--482},
	Publisher = {ACM},
	Series = {OOPSLA '11},
	Title = {Enhancing locality for recursive traversals of recursive structures},
	Url = {http://doi.acm.org/10.1145/2048066.2048104},
	Year = {2011},
	Bdsk-Url-1 = {http://doi.acm.org/10.1145/2048066.2048104}}

@inproceedings{jo12oopsla,
	Address = {New York, NY, USA},
	Author = {Jo, Youngjoon and Kulkarni, Milind},
	Booktitle = {Proceedings of the 2012 ACM international conference on Object oriented programming systems languages and applications},
	Date-Added = {2017-03-22 02:45:47 +0000},
	Date-Modified = {2017-03-22 02:45:47 +0000},
	Publisher = {ACM},
	Series = {OOPSLA '12},
	Title = {Automatically Enhancing Locality for Tree Traversals with Traversal Splicing},
	Year = {2012},
	Bdsk-Url-1 = {http://doi.acm.org/10.1145/2048066.2048104}}

@inproceedings{lambda2,
	Author = {Feser, John K. and Chaudhuri, Swarat and Dillig, Isil},
	Booktitle = {PLDI'15},
	Date-Added = {2016-01-29 11:57:25 +0000},
	Date-Modified = {2016-01-29 11:58:43 +0000},
	Location = {Portland, OR, USA},
	Numpages = {11},
	Pages = {229--239},
	Publisher = {ACM},
	Title = {Synthesizing Data Structure Transformations from Input-output Examples},
	Year = {2015},
	Bdsk-Url-1 = {http://doi.acm.org/10.1145/2737924.2737977},
	Bdsk-Url-2 = {http://dx.doi.org/10.1145/2737924.2737977}}

@inproceedings{issta00,
	Acmid = {348031},
	Author = {Lev-Ami, Tal and Reps, Thomas and Sagiv, Mooly and Wilhelm, Reinhard},
	Booktitle = {ISSTA '00},
	Date-Added = {2015-07-07 18:24:42 +0000},
	Date-Modified = {2015-07-07 18:30:09 +0000},
	Doi = {10.1145/347324.348031},
	Keywords = {alloy language, constraint solvers, detecting bugs, model checking, relational formulas, static analysis, testing},
	Location = {Portland, Oregon, USA},
	Numpages = {13},
	Pages = {26--38},
	Publisher = {ACM},
	Title = {Putting Static Analysis to Work for Verification: A Case Study},
	Year = {2000},
	Bdsk-Url-1 = {http://doi.acm.org/10.1145/347324.348031},
	Bdsk-Url-2 = {http://dx.doi.org/10.1145/347324.348031}}

@inproceedings{tvla,
	Author = {Tal Lev{-}Ami and Shmuel Sagiv},
	Bibsource = {dblp computer science bibliography, http://dblp.org},
	Biburl = {http://dblp.uni-trier.de/rec/bib/conf/sas/Lev-AmiS00},
	Booktitle = {{SAS} '00},
	Crossref = {DBLP:conf/sas/2000},
	Date-Added = {2015-07-07 18:19:12 +0000},
	Date-Modified = {2015-07-07 18:30:58 +0000},
	Doi = {10.1007/978-3-540-45099-3_15},
	Pages = {280--301},
	Timestamp = {Tue, 21 Jun 2011 16:42:23 +0200},
	Title = {{TVLA:} {A} System for Implementing Static Analyses},
	Year = {2000},
	Bdsk-Url-1 = {http://dx.doi.org/10.1007/978-3-540-45099-3_15}}

@proceedings{DBLP:conf/sas/2000,
	Bibsource = {dblp computer science bibliography, http://dblp.org},
	Date-Added = {2015-07-07 18:19:12 +0000},
	Date-Modified = {2015-07-07 18:21:56 +0000},
	Publisher = {Springer},
	Series = {LNCS},
	Timestamp = {Thu, 03 Jan 2002 12:08:11 +0100},
	Title = {Static Analysis, 7th International Symposium, {SAS} 2000, Santa Barbara, CA, USA, June 29 - July 1, 2000, Proceedings},
	Volume = {1824},
	Year = {2000}}

@inproceedings{oopsla14,
	Author = {Desai, Ankush and Garg, Pranav and Madhusudan, P.},
	Booktitle = {OOPSLA'14},
	Date-Added = {2014-11-07 00:41:42 +0000},
	Date-Modified = {2014-11-07 00:42:26 +0000},
	Numpages = {17},
	Pages = {709--725},
	Publisher = {ACM},
	Title = {Natural Proofs for Asynchronous Programs Using Almost-synchronous Reductions},
	Year = {2014},
	Bdsk-Url-1 = {http://doi.acm.org/10.1145/2660193.2660211},
	Bdsk-Url-2 = {http://dx.doi.org/10.1145/2660193.2660211}}

@inproceedings{Torlak14,
	Author = {Torlak, Emina and Bodik, Rastislav},
	Booktitle = {PLDI'14},
	Date-Added = {2014-11-06 19:16:58 +0000},
	Date-Modified = {2014-11-06 19:17:32 +0000},
	Numpages = {12},
	Pages = {530--541},
	Publisher = {ACM},
	Title = {A Lightweight Symbolic Virtual Machine for Solver-aided Host Languages},
	Year = {2014},
	Bdsk-Url-1 = {http://doi.acm.org/10.1145/2594291.2594340},
	Bdsk-Url-2 = {http://dx.doi.org/10.1145/2594291.2594340}}

@inproceedings{Vechev08,
	Author = {Vechev, Martin and Yahav, Eran},
	Booktitle = {PLDI'08},
	Date-Added = {2014-11-06 15:39:17 +0000},
	Date-Modified = {2014-11-06 15:40:06 +0000},
	Numpages = {11},
	Pages = {125--135},
	Publisher = {ACM},
	Title = {Deriving Linearizable Fine-grained Concurrent Objects},
	Year = {2008},
	Bdsk-Url-1 = {http://doi.acm.org/10.1145/1375581.1375598},
	Bdsk-Url-2 = {http://dx.doi.org/10.1145/1375581.1375598}}

@inproceedings{Vechev07,
	Author = {Vechev, Martin T. and Yahav, Eran and Bacon, David F. and Rinetzky, Noam},
	Booktitle = {PLDI'07},
	Date-Added = {2014-11-06 15:36:53 +0000},
	Date-Modified = {2015-07-07 03:14:22 +0000},
	Numpages = {12},
	Pages = {456--467},
	Publisher = {ACM},
	Title = {{CGCExplorer}: A Semi-automated Search Procedure for Provably Correct Concurrent Collectors},
	Year = {2007},
	Bdsk-Url-1 = {http://doi.acm.org/10.1145/1250734.1250787},
	Bdsk-Url-2 = {http://dx.doi.org/10.1145/1250734.1250787}}

@inproceedings{Chlipala15,
	Author = {Benjamin Delaware and Clement Pit--Claudel and Jason Gross and Adam Chlipala},
	Booktitle = {POPL'15},
	Date-Added = {2014-11-06 06:28:37 +0000},
	Date-Modified = {2015-07-07 03:17:15 +0000},
	Pages = {689--700},
	Publisher = {ACM},
	Title = {Fiat: Deductive Synthesis of Abstract Data Types in a Proof Assistant},
	Year = {2015}}

@inproceedings{Vechev10,
	Author = {Vechev, Martin and Yahav, Eran and Yorsh, Greta},
	Booktitle = {POPL'10},
	Date-Added = {2014-11-06 06:22:03 +0000},
	Date-Modified = {2014-11-06 06:35:38 +0000},
	Pages = {327--338},
	Publisher = {ACM},
	Title = {Abstraction-guided Synthesis of Synchronization},
	Year = {2010},
	Bdsk-Url-1 = {http://doi.acm.org/10.1145/1706299.1706338},
	Bdsk-Url-2 = {http://dx.doi.org/10.1145/1706299.1706338}}

@inproceedings{Vechev09,
	Author = {Martin T. Vechev and Eran Yahav and Greta Yorsh},
	Booktitle = {TACAS'09},
	Date-Added = {2014-11-06 06:18:13 +0000},
	Date-Modified = {2014-11-06 06:20:23 +0000},
	Pages = {139--154},
	Title = {Inferring Synchronization under Limited Observability},
	Year = {2009},
	Bdsk-Url-1 = {http://dx.doi.org/10.1007/978-3-642-00768-2_13}}

@article{Manna80,
	Acmid = {357090},
	Author = {Manna, Zohar and Waldinger, Richard},
	Date-Added = {2014-07-08 04:42:53 +0000},
	Date-Modified = {2014-07-08 04:44:02 +0000},
	Issue_Date = {Jan. 1980},
	Journal = {ACM Trans. Program. Lang. Syst.},
	Number = {1},
	Numpages = {32},
	Pages = {90--121},
	Publisher = {ACM},
	Title = {A Deductive Approach to Program Synthesis},
	Volume = {2},
	Year = {1980},
	Bdsk-Url-1 = {http://doi.acm.org/10.1145/357084.357090},
	Bdsk-Url-2 = {http://dx.doi.org/10.1145/357084.357090}}

@article{Manna79,
	Author = {Z. Manna and R. Waldinger},
	Date-Added = {2014-07-08 04:39:21 +0000},
	Date-Modified = {2014-07-08 04:41:12 +0000},
	Journal = {IEEE Transactions on Software Engineering},
	Number = {4},
	Pages = {294-328},
	Publisher = {IEEE-CS},
	Title = {Synthesis: Dreams => Programs},
	Volume = {5},
	Year = {1979},
	Bdsk-Url-1 = {http://doi.ieeecomputersociety.org/10.1109/TSE.1979.234198}}

@inproceedings{Hawkins11,
	Author = {Hawkins, Peter and Aiken, Alex and Fisher, Kathleen and Rinard, Martin and Sagiv, Mooly},
	Booktitle = {PLDI'11},
	Date-Added = {2014-07-08 02:07:08 +0000},
	Date-Modified = {2014-07-08 02:10:04 +0000},
	Keywords = {composite data structures, synthesis},
	Location = {San Jose, California, USA},
	Numpages = {12},
	Pages = {38--49},
	Publisher = {ACM},
	Title = {Data Representation Synthesis},
	Year = {2011},
	Bdsk-Url-1 = {http://doi.acm.org/10.1145/1993498.1993504},
	Bdsk-Url-2 = {http://dx.doi.org/10.1145/1993498.1993504}}

@inproceedings{storyboard,
	Author = {Singh, Rishabh and Solar-Lezama, Armando},
	Booktitle = {ESEC/FSE'11},
	Date-Added = {2014-07-08 00:02:09 +0000},
	Date-Modified = {2014-07-08 00:02:57 +0000},
	Keywords = {data structure, program synthesis, storyboard programming},
	Location = {Szeged, Hungary},
	Numpages = {11},
	Pages = {289--299},
	Publisher = {ACM},
	Title = {Synthesizing Data Structure Manipulations from Storyboards},
	Year = {2011},
	Bdsk-Url-1 = {http://doi.acm.org/10.1145/2025113.2025153},
	Bdsk-Url-2 = {http://dx.doi.org/10.1145/2025113.2025153}}

@inproceedings{popl11,
	Author = {Madhusudan, P. and Parlato, Gennaro and Qiu, Xiaokang},
	Booktitle = {POPL'11},
	Date-Added = {2014-07-07 23:41:35 +0000},
	Date-Modified = {2014-07-07 23:42:07 +0000},
	Keywords = {automata, combining decision procedures, decidability, heap analysis, monadic second-order logic, smt solvers},
	Location = {Austin, Texas, USA},
	Numpages = {12},
	Pages = {611--622},
	Publisher = {ACM},
	Title = {Decidable Logics Combining Heap Structures and Data},
	Year = {2011},
	Bdsk-Url-1 = {http://doi.acm.org/10.1145/1926385.1926455},
	Bdsk-Url-2 = {http://dx.doi.org/10.1145/1926385.1926455}}

@inproceedings{oopsla13,
	Author = {Kneuss, Etienne and Kuraj, Ivan and Kuncak, Viktor and Suter, Philippe},
	Booktitle = {OOPSLA'13},
	Date-Added = {2014-07-04 19:15:15 +0000},
	Date-Modified = {2014-07-04 19:17:31 +0000},
	Location = {Indianapolis, Indiana, USA},
	Numpages = {20},
	Pages = {407--426},
	Publisher = {ACM},
	Title = {Synthesis Modulo Recursive Functions},
	Year = {2013},
	Bdsk-Url-1 = {http://doi.acm.org/10.1145/2509136.2509555},
	Bdsk-Url-2 = {http://dx.doi.org/10.1145/2509136.2509555}}

@inproceedings{foster,
	Author = {Srivastava, Saurabh and Gulwani, Sumit and Foster, Jeffrey S.},
	Booktitle = {POPL'10},
	Date-Added = {2014-07-04 19:07:27 +0000},
	Date-Modified = {2014-07-04 19:17:45 +0000},
	Location = {Madrid, Spain},
	Numpages = {14},
	Pages = {313--326},
	Publisher = {ACM},
	Title = {From Program Verification to Program Synthesis},
	Year = {2010},
	Bdsk-Url-1 = {http://doi.acm.org/10.1145/1706299.1706337},
	Bdsk-Url-2 = {http://dx.doi.org/10.1145/1706299.1706337}}

@book{wirth,
	Author = {Wirth, Niklaus},
	Date-Added = {2014-07-04 18:52:10 +0000},
	Date-Modified = {2014-07-04 18:52:38 +0000},
	Publisher = {Prentice Hall},
	Title = {Systematic Programming: An Introduction},
	Year = {1973}}

@book{dijkstra,
	Author = {Dijkstra, Edsger Wybe},
	Date-Added = {2014-07-04 18:45:27 +0000},
	Date-Modified = {2014-07-04 18:49:04 +0000},
	Publisher = {Prentice Hall},
	Title = {A Discipline of Programming},
	Year = {1976}}

@inproceedings{sketch,
	Author = {Solar-Lezama, Armando and Tancau, Liviu and Bodik, Rastislav and Seshia, Sanjit and Saraswat, Vijay},
	Booktitle = {ASPLOS'06},
	Date-Modified = {2014-07-01 04:33:09 +0000},
	Location = {San Jose, California, USA},
	Numpages = {12},
	Pages = {404--415},
	Publisher = {ACM},
	Title = {Combinatorial sketching for finite programs},
	Year = {2006}}

@inproceedings{bit,
	Author = {Solar-Lezama, Armando and Rabbah, Rodric and Bod\'{\i}k, Rastislav and Ebcio\u{g}lu, Kemal},
	Booktitle = {PLDI'05},
	Date-Modified = {2014-07-01 04:34:30 +0000},
	Location = {Chicago, IL, USA},
	Numpages = {14},
	Pages = {281--294},
	Publisher = {ACM},
	Title = {Programming by sketching for bit-streaming programs},
	Year = {2005}}

@inproceedings{stencil,
	Author = {Solar-Lezama, Armando and Arnold, Gilad and Tancau, Liviu and Bodik, Rastislav and Saraswat, Vijay and Seshia, Sanjit},
	Booktitle = {PLDI'07},
	Date-Modified = {2014-07-01 04:35:11 +0000},
	Location = {San Diego, California, USA},
	Numpages = {12},
	Pages = {167--178},
	Publisher = {ACM},
	Title = {Sketching stencils},
	Year = {2007}}

@inproceedings{concurrent,
	Author = {Solar-Lezama, Armando and Jones, Christopher Grant and Bodik, Rastislav},
	Booktitle = {PLDI'08},
	Date-Modified = {2014-07-01 04:35:37 +0000},
	Location = {Tucson, AZ, USA},
	Numpages = {13},
	Pages = {136--148},
	Publisher = {ACM},
	Title = {Sketching concurrent data structures},
	Year = {2008}}

@inproceedings{vcc,
	Author = {Ernie Cohen and Markus Dahlweid and Mark A. Hillebrand and Dirk Leinenbach and Michal Moskal and Thomas Santen and Wolfram Schulte and Stephan Tobies},
	Bibsource = {DBLP, http://dblp.uni-trier.de},
	Booktitle = {TPHOLs'09},
	Crossref = {DBLP:conf/tphol/2009},
	Date-Added = {2012-07-09 21:32:53 -0500},
	Date-Modified = {2012-07-11 00:02:28 -0500},
	Ee = {http://dx.doi.org/10.1007/978-3-642-03359-9_2},
	Pages = {23-42},
	Title = {{VCC}: A Practical System for Verifying Concurrent {C}},
	Year = {2009}}

@proceedings{DBLP:conf/tphol/2009,
	Booktitle = {TPHOLs},
	Date-Added = {2012-07-09 21:32:53 -0500},
	Date-Modified = {2012-07-10 23:58:13 -0500},
	Publisher = {Springer},
	Series = {LNCS},
	Title = {Theorem Proving in Higher Order Logics, 22nd International Conference, TPHOLs 2009, Munich, Germany, August 17-20, 2009. Proceedings},
	Volume = {5674},
	Year = {2009}}

@inproceedings{lics02,
	Author = {Reynolds, J.C.},
	Booktitle = {LICS'02},
	Date-Modified = {2010-11-08 13:43:16 -0600},
	Keywords = {Hoare logic; address arithmetic; heap; imperative programming language; low-level imperative programs; program logic; reasoning; recursive procedures; separation logic; shared mutable data structures; computational complexity; data structures; formal logic;},
	Pages = {55-74},
	Publisher = {IEEE-CS},
	Title = {Separation logic: a logic for shared mutable data structures},
	Year = {2002},
	Bdsk-Url-1 = {http://dx.doi.org/10.1109/LICS.2002.1029817}}

@inproceedings{csl01,
	Author = {Peter W. O'Hearn and John C. Reynolds and Hongseok Yang},
	Bibsource = {DBLP, http://dblp.uni-trier.de},
	Booktitle = {CSL'01},
	Crossref = {DBLP:conf/csl/2001},
	Date-Added = {2011-07-13 04:07:56 -0500},
	Date-Modified = {2011-07-13 04:08:54 -0500},
	Ee = {http://dx.doi.org/10.1007/3-540-44802-0_1},
	Pages = {1-19},
	Title = {Local Reasoning about Programs that Alter Data Structures},
	Year = {2001}}

@proceedings{DBLP:conf/csl/2001,
	Bibsource = {DBLP, http://dblp.uni-trier.de},
	Booktitle = {CSL},
	Date-Added = {2011-07-13 04:07:56 -0500},
	Date-Modified = {2011-07-13 04:09:29 -0500},
	Publisher = {Springer},
	Series = {LNCS},
	Title = {Computer Science Logic, 15th International Workshop, CSL 2001. 10th Annual Conference of the EACSL, Paris, France, September 10-13, 2001, Proceedings},
	Volume = {2142},
	Year = {2001}}

@inproceedings{pldi14,
	Author = {Pek, Edgar and Qiu, Xiaokang and Madhusudan, P.},
	Booktitle = {PLDI'14},
	Date-Added = {2014-07-01 04:18:21 +0000},
	Date-Modified = {2016-01-27 15:58:54 +0000},
	Location = {Edinburgh, United Kingdom},
	Pages = {440--451},
	Publisher = {ACM},
	Title = {Natural Proofs for Data Structure Manipulation in {C} Using Separation Logic},
	Year = {2014},
	Bdsk-Url-1 = {http://doi.acm.org/10.1145/2594291.2594325},
	Bdsk-Url-2 = {http://dx.doi.org/10.1145/2594291.2594325}}

@inproceedings{Qiu13,
	Author = {Xiaokang Qiu and Pranav Garg and Andrei Stefanescu and Parthasarathy Madhusudan},
	Booktitle = {PLDI '13},
	Date-Modified = {2014-07-01 04:19:22 +0000},
	Pages = {231-242},
	Publisher = {ACM},
	Title = {Natural proofs for structure, data, and separation},
	Year = {2013}}

@inproceedings{Moura09,
	Author = {Leonardo Mendon\c{c}a de Moura and Nikolaj Bj{\o}rner},
	Booktitle = {FMCAD'09},
	Date-Modified = {2014-03-13 20:17:59 +0000},
	Pages = {45-52},
	Title = {Generalized, efficient array decision procedures},
	Year = {2009}}

@inproceedings{Cohen10,
	Author = {Cohen, Ernie and Dahlweid, Markus and Hillebrand, Mark and Leinenbach, Dirk and Moskal, Micha\l and Santen, Thomas and Schulte, Wolfram and Tobies, Stephan},
	Booktitle = {TPHOLs'09},
	Date-Modified = {2014-03-13 20:13:06 +0000},
	Pages = {23--42},
	Title = {{V}{C}{C}: A Practical System for Verifying Concurrent {C}},
	Year = {2009}}

@inproceedings{Jacobs2011a,
	Author = {Jacobs, Bart and Smans, Jan and Philippaerts, Pieter and Vogels, Fr{\'e}d{\'e}ric and Penninckx, Willem and Piessens, Frank},
	Booktitle = {NFM'11},
	Date-Modified = {2014-03-13 20:15:08 +0000},
	Pages = {41--55},
	Title = {VeriFast: a powerful, sound, predictable, fast verifier for {C} and {J}ava},
	Year = {2011}}

@inproceedings{LeGoues2011,
	Author = {Le Goues, Claire and Leino, K. Rustan M. and Moskal, Michal},
	Booktitle = {SEFM'11},
	Pages = {407--414},
	Title = {The {B}oogie verification debugger},
	Year = {2011}}

@inproceedings{Itzhaky2013,
	Author = {Shachar Itzhaky and Anindya Banerjee and Neil Immerman and Aleksandar Nanevski and Mooly Sagiv},
	Booktitle = {CAV},
	Pages = {756-772},
	Title = {Effectively-Propositional Reasoning about Reachability in Linked Data Structures},
	Year = {2013}}

@inproceedings{Bradley06,
	Author = {Aaron R. Bradley and Zohar Manna and Henny B. Sipma},
	Booktitle = {VMCAI'06},
	Date-Modified = {2014-03-13 19:08:45 +0000},
	Title = {What's Decidable About Arrays?},
	Year = {2006}}

@article{Verifast13,
	Author = {Pieter Philippaerts and Jan Tobias M{\"u}hlberg and Willem Penninckx and Jan Smans and Bart Jacobs and Frank Piessens},
	Date-Modified = {2014-03-13 20:22:44 +0000},
	Journal = {Sci. Comput. Program.},
	Pages = {77--97},
	Title = {{S}oftware verification with {V}eri{F}ast: {I}ndustrial case studies},
	Volume = {82},
	Year = {2014}}

@inproceedings{Mai13,
	Author = {Mai, Haohui and Pek, Edgar and Xue, Hui and King, Samuel Talmadge and Madhusudan, Parthasarathy},
	Booktitle = {ASPLOS '13},
	Pages = {293--304},
	Title = {Verifying Security Invariants in {E}xpress{OS}},
	Year = {2013}}

@inproceedings{Piskac13,
	Author = {Ruzica Piskac and Thomas Wies and Damien Zufferey},
	Booktitle = {CAV'13},
	Date-Modified = {2014-03-13 20:23:03 +0000},
	Title = {Automating Separation Logic Using SMT},
	Year = {2013}}

@misc{svcomp2014,
	Author = {Dirk Beyer},
	Date-Modified = {2014-03-13 20:26:32 +0000},
	Title = {Competition on Software Verification (SV-COMP)},
	Url = {http://sv-comp.sosy-lab.org/2014/},
	Year = {2013},
	Bdsk-Url-1 = {http://sv-comp.sosy-lab.org/2014/index.php}}

@inproceedings{Leino10,
	Author = {Leino, K. Rustan M.},
	Booktitle = {LPAR-16},
	Date-Modified = {2014-03-13 20:17:01 +0000},
	Pages = {348--370},
	Title = {Dafny: An Automatic Program Verifier for Functional Correctness},
	Year = {2010}}

@inproceedings{Condit09,
	Author = {Condit, Jeremy and Hackett, Brian and Lahiri, Shuvendu K. and Qadeer, Shaz},
	Booktitle = {POPL'09},
	Date-Modified = {2014-03-13 19:07:56 +0000},
	Pages = {302--314},
	Title = {Unifying Type Checking and Property Checking for Low-level Code},
	Year = {2009}}

@inproceedings{Barnett05,
	Author = {Barnett, Mike and Chang, Bor-Yuh Evan and DeLine, Robert and Jacobs, Bart and Leino, K. Rustan M.},
	Booktitle = {FMCO'05},
	Pages = {364--387},
	Title = {{B}oogie: A Modular Reusable Verifier for Object-oriented Programs},
	Year = {2006}}

@inproceedings{Distefano08,
	Author = {Distefano, Dino and Parkinson J, Matthew J.},
	Booktitle = {OOPSLA '08},
	Pages = {213--226},
	Title = {j{S}tar: Towards Practical Verification for {J}ava},
	Year = {2008}}

@inproceedings{Berdine05,
	Author = {Berdine, Josh and Calcagno, Cristiano and O'Hearn, Peter W.},
	Booktitle = {FMCO'05},
	Pages = {115--137},
	Title = {Smallfoot: Modular Automatic Assertion Checking with Separation Logic},
	Year = {2006}}

@inproceedings{OHearn01,
	Author = {Peter W. O'Hearn and John C. Reynolds and Hongseok Yang},
	Booktitle = {CSL'01},
	Date-Modified = {2014-03-13 20:18:36 +0000},
	Pages = {1-19},
	Title = {Local Reasoning about Programs that Alter Data Structures},
	Year = {2001}}

@inproceedings{Reynolds02,
	Author = {Reynolds, John C.},
	Booktitle = {LICS'02},
	Date-Modified = {2014-03-13 20:23:48 +0000},
	Pages = {55--74},
	Title = {Separation Logic: A Logic for Shared Mutable Data Structures},
	Year = {2002}}

@inproceedings{Berdine04,
	Author = {Josh Berdine and Cristiano Calcagno and Peter W. O'Hearn},
	Booktitle = {FSTTCS},
	Pages = {97-109},
	Title = {A Decidable Fragment of Separation Logic},
	Year = {2004}}

@inproceedings{Berdine05a,
	Author = {Josh Berdine and Cristiano Calcagno and Peter W. O'Hearn},
	Booktitle = {APLAS'05},
	Date-Modified = {2014-03-13 19:08:23 +0000},
	Pages = {52-68},
	Title = {Symbolic Execution with Separation Logic},
	Year = {2005}}

@inproceedings{Iosif13,
	Author = {Radu Iosif and Adam Rogalewicz and Jir\'{\i} Sim{\'a}cek},
	Booktitle = {CADE-24},
	Date-Modified = {2014-03-13 20:14:54 +0000},
	Pages = {21-38},
	Title = {The Tree Width of Separation Logic with Recursive Definitions},
	Year = {2013}}

@inproceedings{Moller01,
	Author = {Anders M\o{}ller and Michael I. Schwartzbach},
	Booktitle = {PLDI'01},
	Date-Modified = {2017-03-22 02:10:02 +0000},
	Month = {June},
	Pages = {221--231},
	Publisher = {ACM},
	Title = {The Pointer Assertion Logic Engine},
	Year = {2001}}

@inproceedings{Haase13,
	Author = {Christoph Haase and Samin Ishtiaq and Jo{\"e}l Ouaknine and Matthew J. Parkinson},
	Booktitle = {CAV'13},
	Date-Modified = {2014-03-13 20:14:10 +0000},
	Pages = {790-795},
	Title = {{S}e{L}oger: A Tool for Graph-Based Reasoning in Separation Logic},
	Year = {2013}}

@article{Chin12,
	Author = {Chin, Wei-Ngan and David, Cristina and Nguyen, Huu Hai and Qin, Shengchao},
	Journal = {Sci. Comput. Program.},
	Pages = {1006--1036},
	Title = {Automated Verification of Shape, Size and Bag Properties via User-defined Predicates in Separation Logic},
	Year = {2012}}

@inproceedings{Cook11,
	Author = {Byron Cook and Christoph Haase and Jo{\"e}l Ouaknine and Matthew J. Parkinson and James Worrell},
	Booktitle = {CONCUR'11},
	Date-Modified = {2014-03-13 19:09:08 +0000},
	Pages = {235-249},
	Title = {Tractable Reasoning in a Fragment of Separation Logic},
	Year = {2011}}

@inproceedings{Madhu12,
	Author = {Madhusudan, P. and Qiu, Xiaokang and Stefanescu, Andrei},
	Booktitle = {POPL'12},
	Date-Modified = {2017-04-29 10:37:07 +0000},
	Pages = {123-136},
	Publisher = {ACM},
	Title = {Recursive proofs for inductive tree data-structures},
	Year = {2012}}

@inproceedings{Ge09,
	Author = {Yeting Ge and Leonardo Mendon\c{c}a de Moura},
	Booktitle = {CAV'09},
	Date-Modified = {2014-03-13 20:13:58 +0000},
	Pages = {306-320},
	Title = {Complete Instantiation for Quantified Formulas in Satisfiabiliby Modulo Theories},
	Year = {2009}}

@inproceedings{Suter11,
	Author = {Philippe Suter and Ali Sinan K{\"o}ksal and Viktor Kuncak},
	Booktitle = {SAS'11},
	Date-Modified = {2014-03-13 20:24:28 +0000},
	Pages = {298-315},
	Title = {Satisfiability Modulo Recursive Programs},
	Year = {2011}}

@inproceedings{Suter10,
	Author = {Philippe Suter and Mirco Dotta and Viktor Kuncak},
	Booktitle = {POPL'10},
	Date-Modified = {2014-03-13 20:24:20 +0000},
	Pages = {199-210},
	Title = {Decision procedures for algebraic data types with abstractions},
	Year = {2010}}

@inproceedings{Perez11,
	Author = {Navarro P{\'e}rez, Juan Antonio and Rybalchenko, Andrey},
	Booktitle = {PLDI'11},
	Date-Modified = {2014-03-13 20:18:20 +0000},
	Pages = {556--566},
	Series = {PLDI '11},
	Title = {Separation Logic + Superposition Calculus = Heap Theorem Prover},
	Year = {2011}}

@inproceedings{Cohen13,
	Author = {Ernie Cohen and Wolfgang J. Paul and Sabine Schmaltz},
	Booktitle = {SOFSEM'13},
	Date-Modified = {2014-03-13 19:06:11 +0000},
	Pages = {1-27},
	Title = {Theory of Multi Core Hypervisor Verification},
	Year = {2013}}

@inproceedings{Yang10,
	Author = {Jean Yang and Chris Hawblitzel},
	Booktitle = {PLDI'10},
	Date-Modified = {2014-03-13 20:24:38 +0000},
	Pages = {99-110},
	Title = {Safe to the last instruction: automated verification of a type-safe operating system},
	Year = {2010}}

@article{Cohen09,
	Author = {Cohen, Ernie and Moskal, Micha\l and Tobies, Stephan and Schulte, Wolfram},
	Journal = {Electron. Notes Theor. Comput. Sci.},
	Pages = {85--103},
	Title = {A Precise Yet Efficient Memory Model For {C}},
	Year = {2009}}

@inproceedings{Chlipala11,
	Author = {Chlipala, Adam},
	Booktitle = {PLDI '11},
	Pages = {234--245},
	Title = {Mostly-automated Verification of Low-level Programs in Computational Separation Logic},
	Year = {2011}}

@inproceedings{Rondon08,
	Author = {Patrick Maxim Rondon and Ming Kawaguchi and Ranjit Jhala},
	Booktitle = {PLDI'08},
	Date-Modified = {2014-03-13 20:23:58 +0000},
	Pages = {159-169},
	Title = {Liquid Types},
	Year = {2008}}

@phdthesis{RondonThesis12,
	Author = {Patrick Maxim Rondon},
	School = {UCSD},
	Title = {Liquid Types},
	Year = {2012}}

@inproceedings{Rondon10,
	Author = {Patrick Maxim Rondon and Ming Kawaguchi and Ranjit Jhala},
	Booktitle = {POPL'10},
	Date-Modified = {2014-03-13 20:24:06 +0000},
	Pages = {131-144},
	Title = {Low-level Liquid Types},
	Year = {2010}}

@inproceedings{Kawaguchi09,
	Author = {Ming Kawaguchi and Patrick Maxim Rondon and Ranjit Jhala},
	Booktitle = {PLDI'09},
	Date-Modified = {2014-03-13 20:15:21 +0000},
	Pages = {304-315},
	Title = {Type-based Data Structure Verification},
	Year = {2009}}

@inproceedings{Flanagan01,
	Author = {Flanagan, Cormac and Leino, K. Rustan M.},
	Booktitle = {FME '01},
	Date-Modified = {2014-03-15 03:48:30 +0000},
	Pages = {500--517},
	Title = {Houdini, an Annotation Assistant for {ESC}/{J}ava},
	Year = {2001}}
