%% This BibTeX bibliography file was created using BibDesk.
%% http://bibdesk.sourceforge.net/


%% Created for Xiaokang Qiu at 2017-11-15 12:45:08 -0500 


%% Saved with string encoding Unicode (UTF-8) 



@article{Ahmed:2001:STL:564965.564967,
	Acmid = {564967},
	Address = {Norwell, MA, USA},
	Author = {Ahmed, Nawaaz and Mateev, Nikolay and Pingali, Keshav},
	Date-Added = {2017-11-14 18:49:14 +0000},
	Date-Modified = {2017-11-14 18:49:14 +0000},
	Doi = {10.1023/A:1012293814832},
	Issn = {0885-7458},
	Issue = {5},
	Journal = {Int. J. Parallel Program.},
	Keywords = {automatic locality enhancement, caches, imperfectly-nested loops, program transformation, restructuring compilers},
	Month = {October},
	Numpages = {52},
	Pages = {493--544},
	Publisher = {Kluwer Academic Publishers},
	Title = {Synthesizing Transformations for Locality Enhancement of Imperfectly-Nested Loop Nests},
	Url = {http://portal.acm.org/citation.cfm?id=564965.564967},
	Volume = {29},
	Year = {2001},
	Bdsk-Url-1 = {http://portal.acm.org/citation.cfm?id=564965.564967},
	Bdsk-Url-2 = {http://dx.doi.org/10.1023/A:1012293814832}}

@inproceedings{banerjee1991,
	Author = {Utpal Banerjee},
	Booktitle = {Languages and Compilers for Parallel Computing},
	Date-Added = {2017-11-14 18:49:14 +0000},
	Date-Modified = {2017-11-14 18:49:14 +0000},
	Masid = {1272702},
	Title = {Unimodular transformations of double loops},
	Year = {1991}}

@inproceedings{Bastoul:2004:CGP:1025127.1025992,
	Acmid = {1025992},
	Address = {Washington, DC, USA},
	Author = {Bastoul, Cedric},
	Booktitle = {Proceedings of the 13th International Conference on Parallel Architectures and Compilation Techniques},
	Date-Added = {2017-11-14 18:49:14 +0000},
	Date-Modified = {2017-11-14 18:49:14 +0000},
	Doi = {http://dx.doi.org/10.1109/PACT.2004.11},
	Isbn = {0-7695-2229-7},
	Numpages = {10},
	Pages = {7--16},
	Publisher = {IEEE Computer Society},
	Series = {PACT '04},
	Title = {Code Generation in the Polyhedral Model Is Easier Than You Think},
	Url = {http://dx.doi.org/10.1109/PACT.2004.11},
	Year = {2004},
	Bdsk-Url-1 = {http://dx.doi.org/10.1109/PACT.2004.11}}

@inproceedings{Bondhugula:2008:PAP:1375581.1375595,
	Acmid = {1375595},
	Address = {New York, NY, USA},
	Author = {Bondhugula, Uday and Hartono, Albert and Ramanujam, J. and Sadayappan, P.},
	Booktitle = {Proceedings of the 2008 ACM SIGPLAN conference on Programming language design and implementation},
	Date-Added = {2017-11-14 18:49:14 +0000},
	Date-Modified = {2017-11-14 18:49:14 +0000},
	Doi = {http://doi.acm.org/10.1145/1375581.1375595},
	Isbn = {978-1-59593-860-2},
	Keywords = {affine transformations, automatic parallelization, locality optimization, loop transformations, polyhedral model, tiling},
	Location = {Tucson, AZ, USA},
	Numpages = {13},
	Pages = {101--113},
	Publisher = {ACM},
	Series = {PLDI '08},
	Title = {A practical automatic polyhedral parallelizer and locality optimizer},
	Url = {http://doi.acm.org/10.1145/1375581.1375595},
	Year = {2008},
	Bdsk-Url-1 = {http://doi.acm.org/10.1145/1375581.1375595}}

@inproceedings{Carr:1994:COI:195473.195557,
	Acmid = {195557},
	Address = {New York, NY, USA},
	Author = {Carr, Steve and McKinley, Kathryn S. and Tseng, Chau-Wen},
	Booktitle = {Proceedings of the sixth international conference on Architectural support for programming languages and operating systems},
	Date-Added = {2017-11-14 18:49:14 +0000},
	Date-Modified = {2017-11-14 18:49:14 +0000},
	Doi = {http://doi.acm.org/10.1145/195473.195557},
	Isbn = {0-89791-660-3},
	Location = {San Jose, California, United States},
	Numpages = {11},
	Pages = {252--262},
	Publisher = {ACM},
	Series = {ASPLOS-VI},
	Title = {Compiler optimizations for improving data locality},
	Url = {http://doi.acm.org/10.1145/195473.195557},
	Year = {1994},
	Bdsk-Url-1 = {http://doi.acm.org/10.1145/195473.195557}}

@article{Gannon:1988:SCL:50454.50460,
	Acmid = {50460},
	Address = {Orlando, FL, USA},
	Author = {Gannon, Dennis and Jalby, William and Gallivan, Kyle},
	Date-Added = {2017-11-14 18:49:14 +0000},
	Date-Modified = {2017-11-14 18:49:14 +0000},
	Doi = {10.1016/0743-7315(88)90014-7},
	Issn = {0743-7315},
	Issue = {5},
	Journal = {J. Parallel Distrib. Comput.},
	Month = {October},
	Numpages = {30},
	Pages = {587--616},
	Publisher = {Academic Press, Inc.},
	Title = {Strategies for cache and local memory management by global program transformation},
	Url = {http://portal.acm.org/citation.cfm?id=50454.50460},
	Volume = {5},
	Year = {1988},
	Bdsk-Url-1 = {http://portal.acm.org/citation.cfm?id=50454.50460},
	Bdsk-Url-2 = {http://dx.doi.org/10.1016/0743-7315(88)90014-7}}

@inproceedings{Griebl:1998:CGP:522344.825673,
	Acmid = {825673},
	Address = {Washington, DC, USA},
	Author = {Griebl, M. and Lengauer, C. and Wetzel, S.},
	Booktitle = {Proceedings of the 1998 International Conference on Parallel Architectures and Compilation Techniques},
	Date-Added = {2017-11-14 18:49:14 +0000},
	Date-Modified = {2017-11-14 18:49:14 +0000},
	Isbn = {0-8186-8591-3},
	Pages = {106--},
	Publisher = {IEEE Computer Society},
	Series = {PACT '98},
	Title = {Code Generation in the Polytope Model},
	Url = {http://portal.acm.org/citation.cfm?id=522344.825673},
	Year = {1998},
	Bdsk-Url-1 = {http://portal.acm.org/citation.cfm?id=522344.825673}}

@inproceedings{Kodukula:1997:DMB:258915.258946,
	Acmid = {258946},
	Address = {New York, NY, USA},
	Author = {Kodukula, Induprakas and Ahmed, Nawaaz and Pingali, Keshav},
	Booktitle = {Proceedings of the ACM SIGPLAN 1997 conference on Programming language design and implementation},
	Date-Added = {2017-11-14 18:49:14 +0000},
	Date-Modified = {2017-11-14 18:49:14 +0000},
	Doi = {http://doi.acm.org/10.1145/258915.258946},
	Isbn = {0-89791-907-6},
	Location = {Las Vegas, Nevada, United States},
	Numpages = {12},
	Pages = {346--357},
	Publisher = {ACM},
	Series = {PLDI '97},
	Title = {Data-centric multi-level blocking},
	Url = {http://doi.acm.org/10.1145/258915.258946},
	Year = {1997},
	Bdsk-Url-1 = {http://doi.acm.org/10.1145/258915.258946}}

@article{Li:1994:SLT:184247.184253,
	Acmid = {184253},
	Address = {Norwell, MA, USA},
	Author = {Li, Wei and Pingali, Keshav},
	Date-Added = {2017-11-14 18:49:14 +0000},
	Date-Modified = {2017-11-14 18:49:14 +0000},
	Doi = {10.1007/BF02577874},
	Issn = {0885-7458},
	Issue = {2},
	Journal = {Int. J. Parallel Program.},
	Keywords = {Hermite normal form, code generation, compound transformations, loop transformations, nonsingular matrices},
	Month = {April},
	Numpages = {23},
	Pages = {183--205},
	Publisher = {Kluwer Academic Publishers},
	Title = {A singular loop transformation framework based on non-singular matrices},
	Url = {http://portal.acm.org/citation.cfm?id=184247.184253},
	Volume = {22},
	Year = {1994},
	Bdsk-Url-1 = {http://portal.acm.org/citation.cfm?id=184247.184253},
	Bdsk-Url-2 = {http://dx.doi.org/10.1007/BF02577874}}

@inproceedings{Lim:2001:BAC:379539.379586,
	Acmid = {379586},
	Address = {New York, NY, USA},
	Author = {Lim, Amy W. and Liao, Shih-Wei and Lam, Monica S.},
	Booktitle = {Proceedings of the eighth ACM SIGPLAN symposium on Principles and practices of parallel programming},
	Date-Added = {2017-11-14 18:49:14 +0000},
	Date-Modified = {2017-11-14 18:49:14 +0000},
	Doi = {http://doi.acm.org/10.1145/379539.379586},
	Isbn = {1-58113-346-4},
	Location = {Snowbird, Utah, United States},
	Numpages = {10},
	Pages = {103--112},
	Publisher = {ACM},
	Series = {PPoPP '01},
	Title = {Blocking and array contraction across arbitrarily nested loops using affine partitioning},
	Url = {http://doi.acm.org/10.1145/379539.379586},
	Year = {2001},
	Bdsk-Url-1 = {http://doi.acm.org/10.1145/379539.379586}}

@inproceedings{Lu:1991:UFS:109625.109630,
	Acmid = {109630},
	Address = {New York, NY, USA},
	Author = {Lu, Lee-Chung},
	Booktitle = {Proceedings of the third ACM SIGPLAN symposium on Principles and practice of parallel programming},
	Date-Added = {2017-11-14 18:49:14 +0000},
	Date-Modified = {2017-11-14 18:49:14 +0000},
	Doi = {http://doi.acm.org/10.1145/109625.109630},
	Isbn = {0-89791-390-6},
	Location = {Williamsburg, Virginia, United States},
	Numpages = {11},
	Pages = {28--38},
	Publisher = {ACM},
	Series = {PPOPP '91},
	Title = {A unified framework for systematic loop transformations},
	Url = {http://doi.acm.org/10.1145/109625.109630},
	Year = {1991},
	Bdsk-Url-1 = {http://doi.acm.org/10.1145/109625.109630}}

@inproceedings{Pouchet:2011:LTC:1926385.1926449,
	Acmid = {1926449},
	Address = {New York, NY, USA},
	Author = {Pouchet, Louis-No{\"{e}}l and Bondhugula, Uday and Bastoul, C{\'{e}}dric and Cohen, Albert and Ramanujam, J. and Sadayappan, P. and Vasilache, Nicolas},
	Booktitle = {Proceedings of the 38th annual ACM SIGPLAN-SIGACT symposium on Principles of programming languages},
	Date-Added = {2017-11-14 18:49:14 +0000},
	Date-Modified = {2017-11-14 18:49:14 +0000},
	Doi = {http://doi.acm.org/10.1145/1926385.1926449},
	Isbn = {978-1-4503-0490-0},
	Keywords = {affine scheduling, compilation, compiler optimization, loop transformations, parallelism},
	Location = {Austin, Texas, USA},
	Numpages = {14},
	Pages = {549--562},
	Publisher = {ACM},
	Series = {POPL '11},
	Title = {Loop transformations: convexity, pruning and optimization},
	Url = {http://doi.acm.org/10.1145/1926385.1926449},
	Year = {2011},
	Bdsk-Url-1 = {http://doi.acm.org/10.1145/1926385.1926449}}

@inproceedings{Pugh:1991:UTL:109025.109108,
	Acmid = {109108},
	Address = {New York, NY, USA},
	Author = {Pugh, William},
	Booktitle = {Proceedings of the 5th international conference on Supercomputing},
	Date-Added = {2017-11-14 18:49:14 +0000},
	Date-Modified = {2017-11-14 18:49:14 +0000},
	Doi = {http://doi.acm.org/10.1145/109025.109108},
	Isbn = {0-89791-434-1},
	Location = {Cologne, West Germany},
	Numpages = {12},
	Pages = {341--352},
	Publisher = {ACM},
	Series = {ICS '91},
	Title = {Uniform techniques for loop optimization},
	Url = {http://doi.acm.org/10.1145/109025.109108},
	Year = {1991},
	Bdsk-Url-1 = {http://doi.acm.org/10.1145/109025.109108}}

@article{Quillere:2000:GEN:353943.353945,
	Acmid = {353945},
	Address = {Norwell, MA, USA},
	Author = {Quiller\'{e}, Fabien and Rajopadhye, Sanjay and Wilde, Doran},
	Date-Added = {2017-11-14 18:49:14 +0000},
	Date-Modified = {2017-11-14 18:49:14 +0000},
	Doi = {10.1023/A:1007554627716},
	Issn = {0885-7458},
	Issue = {5},
	Journal = {Int. J. Parallel Program.},
	Keywords = {automatic parallelization, code generation, nested loops, polyhedral model},
	Month = {October},
	Numpages = {30},
	Pages = {469--498},
	Publisher = {Kluwer Academic Publishers},
	Title = {Generation of Efficient Nested Loops from Polyhedra},
	Url = {http://portal.acm.org/citation.cfm?id=353943.353945},
	Volume = {28},
	Year = {2000},
	Bdsk-Url-1 = {http://portal.acm.org/citation.cfm?id=353943.353945},
	Bdsk-Url-2 = {http://dx.doi.org/10.1023/A:1007554627716}}

@inproceedings{Ramanujam:1992:NTN:147877.147997,
	Acmid = {147997},
	Address = {Los Alamitos, CA, USA},
	Author = {Ramanujam, J.},
	Booktitle = {Proceedings of the 1992 ACM/IEEE conference on Supercomputing},
	Date-Added = {2017-11-14 18:49:14 +0000},
	Date-Modified = {2017-11-14 18:49:14 +0000},
	Isbn = {0-8186-2630-5},
	Location = {Minneapolis, Minnesota, United States},
	Numpages = {10},
	Pages = {214--223},
	Publisher = {IEEE Computer Society Press},
	Series = {Supercomputing '92},
	Title = {Non-unimodular transformations of nested loops},
	Url = {http://portal.acm.org/citation.cfm?id=147877.147997},
	Year = {1992},
	Bdsk-Url-1 = {http://portal.acm.org/citation.cfm?id=147877.147997}}

@inproceedings{Sarkar:1992:GFI:143095.143132,
	Acmid = {143132},
	Address = {New York, NY, USA},
	Author = {Sarkar, Vivek and Thekkath, Radhika},
	Booktitle = {Proceedings of the ACM SIGPLAN 1992 conference on Programming language design and implementation},
	Date-Added = {2017-11-14 18:49:14 +0000},
	Date-Modified = {2017-11-14 18:49:14 +0000},
	Doi = {http://doi.acm.org/10.1145/143095.143132},
	Isbn = {0-89791-475-9},
	Location = {San Francisco, California, United States},
	Numpages = {13},
	Pages = {175--187},
	Publisher = {ACM},
	Series = {PLDI '92},
	Title = {A general framework for iteration-reordering loop transformations},
	Url = {http://doi.acm.org/10.1145/143095.143132},
	Year = {1992},
	Bdsk-Url-1 = {http://doi.acm.org/10.1145/143095.143132}}

@inproceedings{Wolf:1991:DLO:113445.113449,
	Acmid = {113449},
	Address = {New York, NY, USA},
	Author = {Wolf, Michael E. and Lam, Monica S.},
	Booktitle = {Proceedings of the ACM SIGPLAN 1991 conference on Programming language design and implementation},
	Date-Added = {2017-11-14 18:49:14 +0000},
	Date-Modified = {2017-11-14 18:49:14 +0000},
	Doi = {http://doi.acm.org/10.1145/113445.113449},
	Isbn = {0-89791-428-7},
	Location = {Toronto, Ontario, Canada},
	Numpages = {15},
	Pages = {30--44},
	Publisher = {ACM},
	Series = {PLDI '91},
	Title = {A data locality optimizing algorithm},
	Url = {http://doi.acm.org/10.1145/113445.113449},
	Year = {1991},
	Bdsk-Url-1 = {http://doi.acm.org/10.1145/113445.113449}}

@inproceedings{hegde17ispass,
	Author = {Nikhil Hegde and Jianqiao Liu and Kirshanthan Sundararajah and Milind Kulkarni},
	Booktitle = {2017 IEEE International Symposium on Performance Analysis of Systems and Software (ISPASS)},
	Date-Added = {2017-11-12 15:09:40 +0000},
	Date-Modified = {2017-11-12 15:09:40 +0000},
	Doi = {10.1109/ISPASS.2017.7975294},
	Keywords = {distributed memory systems;graphics processing units;ontologies (artificial intelligence);optimisation;shared memory systems;trees (mathematics);GPU;Treelogy;algorithmic kernels;attributes extraction;benchmark suite;distributed memory systems;ontology;optimizations;shared memory multicores;structural properties;tree traversals;Algorithm design and analysis;Benchmark testing;Correlation;Data mining;Kernel;Ontologies;Optimization},
	Month = {April},
	Pages = {227-238},
	Title = {Treelogy: A benchmark suite for tree traversals},
	Year = {2017},
	Bdsk-Url-1 = {http://dx.doi.org/10.1109/ISPASS.2017.7975294}}

@inproceedings{vollmer17ecoop,
	Address = {Dagstuhl, Germany},
	Annote = {Keywords: compiler optimization, program transformation, tree traversal},
	Author = {Michael Vollmer and Sarah Spall and Buddhika Chamith and Laith Sakka and Chaitanya Koparkar and Milind Kulkarni and Sam Tobin-Hochstadt and Ryan R. Newton},
	Booktitle = {31st European Conference on Object-Oriented Programming (ECOOP 2017)},
	Date-Added = {2017-11-12 15:09:25 +0000},
	Date-Modified = {2017-11-12 15:09:25 +0000},
	Doi = {10.4230/LIPIcs.ECOOP.2017.26},
	Editor = {Peter M{\"u}ller},
	Isbn = {978-3-95977-035-4},
	Issn = {1868-8969},
	Pages = {26:1--26:29},
	Publisher = {Schloss Dagstuhl--Leibniz-Zentrum fuer Informatik},
	Series = {Leibniz International Proceedings in Informatics (LIPIcs)},
	Title = {{Compiling Tree Transforms to Operate on Packed Representations}},
	Url = {http://drops.dagstuhl.de/opus/volltexte/2017/7273},
	Urn = {urn:nbn:de:0030-drops-72737},
	Volume = {74},
	Year = {2017},
	Bdsk-Url-1 = {http://drops.dagstuhl.de/opus/volltexte/2017/7273},
	Bdsk-Url-2 = {http://dx.doi.org/10.4230/LIPIcs.ECOOP.2017.26}}

@article{naturalsynthesis,
	Acmid = {3133889},
	Address = {New York, NY, USA},
	Articleno = {65},
	Author = {Qiu, Xiaokang and Solar-Lezama, Armando},
	Date-Added = {2017-11-07 03:05:21 +0000},
	Date-Modified = {2017-11-07 03:05:35 +0000},
	Doi = {10.1145/3133889},
	Issn = {2475-1421},
	Issue_Date = {October 2017},
	Journal = {Proc. ACM Program. Lang.},
	Keywords = {Data structures, Natural proofs, Synthesis conditions},
	Month = oct,
	Number = {OOPSLA},
	Numpages = {28},
	Pages = {65:1--65:28},
	Publisher = {ACM},
	Title = {Natural Synthesis of Provably-correct Data-structure Manipulations},
	Url = {http://doi.acm.org/10.1145/3133889},
	Volume = {1},
	Year = {2017},
	Bdsk-Url-1 = {http://doi.acm.org/10.1145/3133889},
	Bdsk-Url-2 = {http://dx.doi.org/10.1145/3133889}}

@article{treefuser,
	Acmid = {3133900},
	Address = {New York, NY, USA},
	Articleno = {76},
	Author = {Sakka, Laith and Sundararajah, Kirshanthan and Kulkarni, Milind},
	Date-Added = {2017-11-07 03:04:03 +0000},
	Date-Modified = {2017-11-07 03:04:19 +0000},
	Doi = {10.1145/3133900},
	Issn = {2475-1421},
	Issue_Date = {October 2017},
	Journal = {Proc. ACM Program. Lang.},
	Keywords = {Fusion, Locality Optimization, Recursive Tree Traversals},
	Month = oct,
	Number = {OOPSLA},
	Numpages = {30},
	Pages = {76:1--76:30},
	Publisher = {ACM},
	Title = {TreeFuser: A Framework for Analyzing and Fusing General Recursive Tree Traversals},
	Url = {http://doi.acm.org/10.1145/3133900},
	Volume = {1},
	Year = {2017},
	Bdsk-Url-1 = {http://doi.acm.org/10.1145/3133900},
	Bdsk-Url-2 = {http://dx.doi.org/10.1145/3133900}}

@inproceedings{syntrec,
	Abstract = {Recent work has proposed a promising approach to improving scalability of program synthesis by allowing the user to supply a syntactic template that constrains the space of potential programs. Unfortunately, creating templates often requires nontrivial effort from the user, which impedes the usability of the synthesizer. We present a solution to this problem in the context of recursive transformations on algebraic data-types. Our approach relies on polymorphic synthesis constructs: a small but powerful extension to the language of syntactic templates, which makes it possible to define a program space in a concise and highly reusable manner, while at the same time retains the scalability benefits of conventional templates. This approach enables end-users to reuse predefined templates from a library for a wide variety of problems with little effort. The paper also describes a novel optimization that further improves the performance and the scalability of the system. We evaluated the approach on a set of benchmarks that most notably includes desugaring functions for lambda calculus, which force the synthesizer to discover Church encodings for pairs and boolean operations.},
	Address = {Berlin, Heidelberg},
	Author = {Inala, Jeevana Priya and Polikarpova, Nadia and Qiu, Xiaokang and Lerner, Benjamin S. and Solar-Lezama, Armando},
	Booktitle = {Tools and Algorithms for the Construction and Analysis of Systems: 23rd International Conference, TACAS 2017, Held as Part of the European Joint Conferences on Theory and Practice of Software, ETAPS 2017, Uppsala, Sweden, April 22-29, 2017, Proceedings, Part I},
	Date-Added = {2017-11-07 02:32:08 +0000},
	Date-Modified = {2017-11-07 02:32:08 +0000},
	Doi = {10.1007/978-3-662-54577-5_14},
	Editor = {Legay, Axel and Margaria, Tiziana},
	Isbn = {978-3-662-54577-5},
	Pages = {247--263},
	Publisher = {Springer Berlin Heidelberg},
	Title = {Synthesis of Recursive ADT Transformations from Reusable Templates},
	Url = {https://doi.org/10.1007/978-3-662-54577-5_14},
	Year = {2017},
	Bdsk-Url-1 = {https://doi.org/10.1007/978-3-662-54577-5_14},
	Bdsk-Url-2 = {http://dx.doi.org/10.1007/978-3-662-54577-5_14}}

@article{jeon:fmsd17,
	Author = {Jinseong Jeon and Xiaokang Qiu and Armando Solar-Lezama and Jeffrey S. Foster},
	Date-Added = {2017-11-07 02:31:46 +0000},
	Date-Modified = {2017-11-07 02:31:46 +0000},
	Journal = {Formal Methods in System Design (FMSD)},
	Month = {March},
	Number = {1},
	Pages = {75--95},
	Title = {{An Empirical Study of Adaptive Concretization for Parallel Program Synthesis}},
	Volume = {50},
	Year = {2017}}

@inproceedings{context_logic,
	Acmid = {1040328},
	Address = {New York, NY, USA},
	Author = {Calcagno, Cristiano and Gardner, Philippa and Zarfaty, Uri},
	Booktitle = {Proceedings of the 32Nd ACM SIGPLAN-SIGACT Symposium on Principles of Programming Languages},
	Date-Added = {2017-11-07 02:17:58 +0000},
	Date-Modified = {2017-11-07 02:20:26 +0000},
	Doi = {10.1145/1040305.1040328},
	Isbn = {1-58113-830-X},
	Keywords = {contexts, hoare logic, tree update},
	Location = {Long Beach, California, USA},
	Numpages = {12},
	Pages = {271--282},
	Publisher = {ACM},
	Series = {POPL '05},
	Title = {Context Logic and Tree Update},
	Url = {http://doi.acm.org/10.1145/1040305.1040328},
	Year = {2005},
	Bdsk-Url-1 = {http://doi.acm.org/10.1145/1040305.1040328},
	Bdsk-Url-2 = {http://dx.doi.org/10.1145/1040305.1040328}}

@inbook{csl,
	Address = {Berlin, Heidelberg},
	Author = {Bouajjani, Ahmed and Dr{\u{a}}goi, Cezara and Enea, Constantin and Sighireanu, Mihaela},
	Booktitle = {CONCUR 2009 - Concurrency Theory: 20th International Conference, CONCUR 2009, Bologna, Italy, September 1-4, 2009. Proceedings},
	Date-Modified = {2017-11-15 17:42:56 +0000},
	Doi = {10.1007/978-3-642-04081-8_13},
	Isbn = {978-3-642-04081-8},
	Pages = {178--195},
	Publisher = {Springer Berlin Heidelberg},
	Title = {A Logic-Based Framework for Reasoning about Composite Data Structures},
	Url = {http://dx.doi.org/10.1007/978-3-642-04081-8_13},
	Year = {2009},
	Bdsk-Url-1 = {http://dx.doi.org/10.1007/978-3-642-04081-8_13}}

@inproceedings{havoc,
	Abstract = { This paper takes a fresh look at the problem of precise verification of heap-manipulating programs using first-order Satisfiability-Modulo-Theories (SMT) solvers. We augment the specification logic of such solvers by introducing the fullLogicName for specifying properties of heap-manipulating programs and a verifier for proving these properties. Our logic is expressive, closed under weakest preconditions, and efficiently implementable on top of existing SMT solvers. We have created a prototype implementation of our logic over the solvers Simplify and Z3 and used our prototype to verify many programs. Our preliminary experience is encouraging; the completeness and the efficiency of the decision procedure is clearly evident in practice and has greatly improved the user experience of the verifier. },
	Author = {Shuvendu Lahiri, Shaz Qadeer},
	Booktitle = {Principles of Programming Languages (POPL '08)},
	Date-Added = {2016-11-14 05:04:21 +0000},
	Date-Modified = {2016-11-14 05:05:22 +0000},
	Month = {January},
	Pages = {16},
	Publisher = {Association for Computing Machinery, Inc.},
	Title = {Back to the Future: Revisiting Precise Program Verification using SMT Solvers},
	Url = {https://www.microsoft.com/en-us/research/publication/back-to-the-future-revisiting-precise-program-verification-using-smt-solvers/},
	Year = {2008},
	Bdsk-Url-1 = {https://www.microsoft.com/en-us/research/publication/back-to-the-future-revisiting-precise-program-verification-using-smt-solvers/}}

@inbook{lrp,
	Address = {Berlin, Heidelberg},
	Author = {Yorsh, Greta and Rabinovich, Alexander and Sagiv, Mooly and Meyer, Antoine and Bouajjani, Ahmed},
	Booktitle = {Foundations of Software Science and Computation Structures: 9th International Conference, FOSSACS 2006, Held as Part of the Joint European Conferences on Theory and Practice of Software, ETAPS 2006, Vienna, Austria, March 25-31, 2006. Proceedings},
	Date-Added = {2016-11-14 04:36:00 +0000},
	Date-Modified = {2017-11-15 17:45:08 +0000},
	Doi = {10.1007/11690634_7},
	Isbn = {978-3-540-33046-2},
	Pages = {94--110},
	Publisher = {Springer Berlin Heidelberg},
	Title = {A Logic of Reachable Patterns in Linked Data-Structures},
	Url = {http://dx.doi.org/10.1007/11690634_7},
	Year = {2006},
	Bdsk-Url-1 = {http://dx.doi.org/10.1007/11690634_7}}

@inbook{mcpeak,
	Address = {Berlin, Heidelberg},
	Author = {McPeak, Scott and Necula, George C.},
	Booktitle = {Computer Aided Verification: 17th International Conference, CAV 2005, Edinburgh, Scotland, UK, July 6-10, 2005. Proceedings},
	Date-Added = {2016-11-14 04:34:41 +0000},
	Date-Modified = {2017-11-15 17:43:41 +0000},
	Doi = {10.1007/11513988_47},
	Isbn = {978-3-540-31686-2},
	Pages = {476--490},
	Publisher = {Springer Berlin Heidelberg},
	Title = {Data Structure Specifications via Local Equality Axioms},
	Url = {http://dx.doi.org/10.1007/11513988_47},
	Year = {2005},
	Bdsk-Url-1 = {http://dx.doi.org/10.1007/11513988_47}}

@article{tasc,
	Abstract = {This paper describes a verification framework for Hoare-style pre- and post-conditions of programs manipulating balanced tree-like data structures. Since the considered verification problem is undecidable, we appeal to the standard semi-algorithmic approach in which the user has to provide loop invariants, which are then automatically checked, together with the program pre- and post-conditions. We specify sets of program states, representing tree-like memory configurations, using Tree Automata with Size Constraints (TASC). The main advantage of this new class of tree automata is that they recognise tree languages based on arithmetic reasoning about the lengths of various (possibly all) paths in trees, like, e.g., in AVL trees or red--black trees. TASCs are closed under union, intersection, and complement, and their emptiness problem is decidable. Thus we obtain a class of automata which are an interesting theoretical contribution by itself. Further, we show that, under few restrictions, one can automatically compute the effect of tree-updating program statements on the set of configurations represented by a TASC, which makes TASC a practical verification tool. We tried out our approach on the insertion procedure for red--black trees, for which we verified that the output on an arbitrary balanced red--black tree is also a balanced red--black tree.},
	Author = {Habermehl, Peter and Iosif, Radu and Vojnar, Tom{\'a}{\v{s}}},
	Date-Added = {2016-11-14 04:33:13 +0000},
	Date-Modified = {2016-11-14 04:33:22 +0000},
	Doi = {10.1007/s00236-009-0108-5},
	Issn = {1432-0525},
	Journal = {Acta Informatica},
	Number = {1},
	Pages = {1--31},
	Title = {Automata-based verification of programs with tree updates},
	Url = {http://dx.doi.org/10.1007/s00236-009-0108-5},
	Volume = {47},
	Year = {2010},
	Bdsk-Url-1 = {http://dx.doi.org/10.1007/s00236-009-0108-5}}

@inproceedings{graph-types,
	Acmid = {158628},
	Address = {New York, NY, USA},
	Author = {Klarlund, Nils and Schwartzbach, Michael I.},
	Booktitle = {Proceedings of the 20th ACM SIGPLAN-SIGACT Symposium on Principles of Programming Languages},
	Date-Added = {2016-11-14 03:52:49 +0000},
	Date-Modified = {2016-11-14 03:53:19 +0000},
	Doi = {10.1145/158511.158628},
	Isbn = {0-89791-560-7},
	Location = {Charleston, South Carolina, USA},
	Numpages = {10},
	Pages = {196--205},
	Publisher = {ACM},
	Series = {POPL '93},
	Title = {Graph Types},
	Url = {http://doi.acm.org/10.1145/158511.158628},
	Year = {1993},
	Bdsk-Url-1 = {http://doi.acm.org/10.1145/158511.158628},
	Bdsk-Url-2 = {http://dx.doi.org/10.1145/158511.158628}}

@inproceedings{pale,
	Author = {Anders M\o{}ller and Michael I. Schwartzbach},
	Booktitle = {Proc. ACM SIGPLAN Conference on Programming Language Design and Implementation (PLDI)},
	Month = {June},
	Note = {Also in SIGPLAN Notices 36(5) (May 2001)},
	Title = {The Pointer Assertion Logic Engine},
	Year = {2001}}

@inproceedings{mona,
	Author = {Thomas S. Heinze and Anders M\o{}ller and Fabio Strocco},
	Booktitle = {Proc. 12th Dynamic Languages Symposium (DLS)},
	Month = {October},
	Title = {Type Safety Analysis for {D}art},
	Year = {2016}}

@article{courcelle,
	Author = {Bruno Courcelle},
	Doi = {http://dx.doi.org/10.1016/0890-5401(90)90043-H},
	Issn = {0890-5401},
	Journal = {Information and Computation},
	Number = {1},
	Pages = {12 - 75},
	Title = {The monadic second-order logic of graphs. I. Recognizable sets of finite graphs},
	Url = {http://www.sciencedirect.com/science/article/pii/089054019090043H},
	Volume = {85},
	Year = {1990},
	Bdsk-Url-1 = {http://www.sciencedirect.com/science/article/pii/089054019090043H},
	Bdsk-Url-2 = {http://dx.doi.org/10.1016/0890-5401(90)90043-H}}

@article{trahtenbrot,
	Author = {Boris Avraamovich Trakhtenbrot},
	Date-Added = {2016-11-14 03:10:42 +0000},
	Date-Modified = {2016-11-14 03:12:13 +0000},
	Journal = {Doklady Akad. Nauk SSSR (N.S.)},
	Pages = {569--572},
	Title = {The impossibility of an algorithm for the decision problem for finite domains},
	Volume = {70},
	Year = {1950}}

@inproceedings{costanza09,
	Address = {New York, NY, USA},
	Author = {Costanza, Pascal and Herzeel, Charlotte and D'Hondt, Theo},
	Booktitle = {DLS '09: Proceedings of the 5th symposium on Dynamic languages},
	Date-Added = {2016-11-13 19:06:12 +0000},
	Date-Modified = {2016-11-13 19:06:12 +0000},
	Doi = {http://doi.acm.org/10.1145/1640134.1640144},
	Isbn = {978-1-60558-769-1},
	Keywords = {lonestar paper},
	Location = {Orlando, Florida, USA},
	Pages = {59--68},
	Publisher = {ACM},
	Title = {Context-oriented software transactional memory in common lisp},
	Year = {2009},
	Bdsk-Url-1 = {http://doi.acm.org/10.1145/1640134.1640144}}

@inproceedings{allen09,
	Address = {New York, NY, USA},
	Author = {Allen, Matthew D. and Sridharan, Srinath and Sohi, Gurindar S.},
	Booktitle = {PPoPP '09: Proceedings of the 14th ACM SIGPLAN symposium on Principles and practice of parallel programming},
	Date-Added = {2016-11-13 19:06:06 +0000},
	Date-Modified = {2016-11-13 19:06:06 +0000},
	Doi = {http://doi.acm.org/10.1145/1504176.1504190},
	Isbn = {978-1-60558-397-6},
	Keywords = {lonestar paper},
	Location = {Raleigh, NC, USA},
	Pages = {85--96},
	Publisher = {ACM},
	Title = {Serialization sets: a dynamic dependence-based parallel execution model},
	Year = {2009},
	Bdsk-Url-1 = {http://doi.acm.org/10.1145/1504176.1504190}}

@article{lublinerman09,
	Address = {New York, NY, USA},
	Author = {Lublinerman, Roberto and Chaudhuri, Swarat and Cerny, Pavol},
	Date-Added = {2016-11-13 19:03:00 +0000},
	Date-Modified = {2016-11-13 19:03:00 +0000},
	Doi = {http://doi.acm.org/10.1145/1639949.1640095},
	Issn = {0362-1340},
	Journal = {SIGPLAN Not.},
	Keywords = {lonestar paper},
	Number = {10},
	Pages = {61--80},
	Publisher = {ACM},
	Title = {Parallel programming with object assemblies},
	Volume = {44},
	Year = {2009},
	Bdsk-Url-1 = {http://doi.acm.org/10.1145/1639949.1640095}}

@inproceedings{Burnim:2011:NRC:1993498.1993545,
	Acmid = {1993545},
	Address = {New York, NY, USA},
	Author = {Burnim, Jacob and Elmas, Tayfun and Necula, George and Sen, Koushik},
	Booktitle = {Proceedings of the 32nd ACM SIGPLAN conference on Programming language design and implementation},
	Date-Added = {2016-11-13 19:02:34 +0000},
	Date-Modified = {2016-11-13 19:02:34 +0000},
	Doi = {http://doi.acm.org/10.1145/1993498.1993545},
	Isbn = {978-1-4503-0663-8},
	Keywords = {parallel correctness, serializability, specification},
	Location = {San Jose, California, USA},
	Numpages = {14},
	Pages = {401--414},
	Publisher = {ACM},
	Series = {PLDI '11},
	Title = {NDSeq: runtime checking for nondeterministic sequential specifications of parallel correctness},
	Url = {http://doi.acm.org/10.1145/1993498.1993545},
	Year = {2011},
	Bdsk-Url-1 = {http://doi.acm.org/10.1145/1993498.1993545}}

@inproceedings{kulkarni09ispass,
	Author = {Milind Kulkarni and Martin Burtscher and Keshav Pingali and Calin Cascaval},
	Booktitle = {2009 IEEE International Symposium on Performance Analysis of Systems and Software (ISPASS)},
	Date-Added = {2016-11-13 18:59:28 +0000},
	Date-Modified = {2016-11-13 18:59:28 +0000},
	Month = {April},
	Pages = {65-76},
	Title = {Lonestar: A suite of parallel irregular programs},
	Year = {2009}}

@inproceedings{sundararajah17asplos,
	Author = {Kirshanthan Sundararajah and Laith Sakka and Milind Kulkarni},
	Booktitle = {Architectural Support for Programming Languages and Operating Systems (ASPLOS)},
	Date-Added = {2016-11-13 14:02:11 +0000},
	Date-Modified = {2016-11-13 14:02:41 +0000},
	Title = {Locality Transformations for Nested Recursive Iteration Spaces},
	Year = {2017}}

@inproceedings{liu16ics,
	Author = {Jianqiao Liu and Nikhil Hegde and Milind Kulkarni},
	Booktitle = {International Conference on Supercomputing (ICS)},
	Date-Added = {2016-11-13 14:02:05 +0000},
	Date-Modified = {2016-11-13 14:02:05 +0000},
	Title = {Hybrid CPU-GPU Scheduling and Execution of Tree Traversals},
	Year = {2016}}

@inproceedings{goldfarb13sc,
	Author = {Goldfarb, Michael and Jo, Youngjoon and Kulkarni, Milind},
	Booktitle = {Proceedings of the International Conference on High Performance Computing, Networking, Storage and Analysis (Supercomputing)},
	Date-Added = {2016-11-13 13:59:24 +0000},
	Date-Modified = {2016-11-13 13:59:24 +0000},
	Location = {Denver, Colorado},
	Series = {SC '13},
	Title = {General transformations for GPU execution of tree traversals},
	Year = {2013}}

@inproceedings{jo11oopsla,
	Acmid = {2048104},
	Address = {New York, NY, USA},
	Author = {Jo, Youngjoon and Kulkarni, Milind},
	Booktitle = {Proceedings of the 2011 ACM international conference on Object oriented programming systems languages and applications},
	Date-Added = {2016-11-13 13:59:24 +0000},
	Date-Modified = {2016-11-13 13:59:24 +0000},
	Doi = {http://doi.acm.org/10.1145/2048066.2048104},
	Isbn = {978-1-4503-0940-0},
	Location = {Portland, Oregon, USA},
	Numpages = {20},
	Pages = {463--482},
	Publisher = {ACM},
	Series = {OOPSLA '11},
	Title = {Enhancing locality for recursive traversals of recursive structures},
	Url = {http://doi.acm.org/10.1145/2048066.2048104},
	Year = {2011},
	Bdsk-Url-1 = {http://doi.acm.org/10.1145/2048066.2048104}}

@inproceedings{jo12oopsla,
	Address = {New York, NY, USA},
	Author = {Jo, Youngjoon and Kulkarni, Milind},
	Booktitle = {Proceedings of the 2012 ACM international conference on Object oriented programming systems languages and applications},
	Date-Added = {2016-11-13 13:59:24 +0000},
	Date-Modified = {2016-11-13 13:59:24 +0000},
	Publisher = {ACM},
	Series = {OOPSLA '12},
	Title = {Automatically Enhancing Locality for Tree Traversals with Traversal Splicing},
	Year = {2012},
	Bdsk-Url-1 = {http://doi.acm.org/10.1145/2048066.2048104}}

@inproceedings{jo13pact,
	Acmid = {2523770},
	Address = {Piscataway, NJ, USA},
	Author = {Jo, Youngjoon and Goldfarb, Michael and Kulkarni, Milind},
	Booktitle = {Proceedings of the 22nd international conference on Parallel architectures and compilation techniques},
	Date-Added = {2016-11-13 13:59:24 +0000},
	Date-Modified = {2016-11-13 13:59:24 +0000},
	Isbn = {978-1-4799-1021-2},
	Keywords = {SIMD, automatic vectorization, irregular programs, tree traversals},
	Location = {Edinburgh, Scotland, UK},
	Numpages = {12},
	Pages = {363--374},
	Publisher = {IEEE Press},
	Series = {PACT '13},
	Title = {Automatic vectorization of tree traversals},
	Url = {http://dl.acm.org/citation.cfm?id=2523721.2523770},
	Year = {2013},
	Bdsk-Url-1 = {http://dl.acm.org/citation.cfm?id=2523721.2523770}}

@inproceedings{ren15pldi,
	Acmid = {2738004},
	Address = {New York, NY, USA},
	Author = {Ren, Bin and Jo, Youngjoon and Krishnamoorthy, Sriram and Agrawal, Kunal and Kulkarni, Milind},
	Booktitle = {Proceedings of the 36th ACM SIGPLAN Conference on Programming Language Design and Implementation},
	Date-Added = {2016-11-13 13:59:24 +0000},
	Date-Modified = {2016-11-13 13:59:24 +0000},
	Doi = {10.1145/2737924.2738004},
	Isbn = {978-1-4503-3468-6},
	Keywords = {Recursive Programs, Task Parallelism, Vectorization},
	Location = {Portland, OR, USA},
	Numpages = {12},
	Pages = {509--520},
	Publisher = {ACM},
	Series = {PLDI 2015},
	Title = {Efficient Execution of Recursive Programs on Commodity Vector Hardware},
	Url = {http://doi.acm.org/10.1145/2737924.2738004},
	Year = {2015},
	Bdsk-Url-1 = {http://doi.acm.org/10.1145/2737924.2738004},
	Bdsk-Url-2 = {http://dx.doi.org/10.1145/2737924.2738004}}

@inproceedings{weijiang15pldi,
	Acmid = {2737972},
	Address = {New York, NY, USA},
	Author = {Weijiang, Yusheng and Balakrishna, Shruthi and Liu, Jianqiao and Kulkarni, Milind},
	Booktitle = {Proceedings of the 36th ACM SIGPLAN Conference on Programming Language Design and Implementation},
	Date-Added = {2016-11-13 13:59:24 +0000},
	Date-Modified = {2016-11-13 13:59:24 +0000},
	Doi = {10.1145/2737924.2737972},
	Isbn = {978-1-4503-3468-6},
	Keywords = {dependence analysis, irregular algorithms, loop transformations},
	Location = {Portland, OR, USA},
	Numpages = {12},
	Pages = {314--325},
	Publisher = {ACM},
	Series = {PLDI 2015},
	Title = {Tree Dependence Analysis},
	Url = {http://doi.acm.org/10.1145/2737924.2737972},
	Year = {2015},
	Bdsk-Url-1 = {http://doi.acm.org/10.1145/2737924.2737972},
	Bdsk-Url-2 = {http://dx.doi.org/10.1145/2737924.2737972}}

@inproceedings{pingali02,
	Acmid = {514227},
	Author = {Pingali, Venkata K. and McKee, Sally A. and Hseih, Wilson C. and Carter, John B.},
	Booktitle = {Proceedings of the 16th international conference on Supercomputing},
	Date-Added = {2016-11-13 13:32:33 +0000},
	Date-Modified = {2016-11-13 13:32:33 +0000},
	Doi = {http://doi.acm.org/10.1145/514191.514227},
	Isbn = {1-58113-483-5},
	Keywords = {data structures, memory performance, optimization},
	Numpages = {10},
	Pages = {252--261},
	Title = {Computation regrouping: restructuring programs for temporal data cache locality},
	Url = {http://doi.acm.org/10.1145/514191.514227},
	Xlocation = {New York, New York, USA},
	Xpublisher = {ACM},
	Xseries = {ICS '02},
	Xxaddress = {New York, NY, USA},
	Year = {2002},
	Bdsk-Url-1 = {http://doi.acm.org/10.1145/514191.514227}}

@inproceedings{aila10,
	Acmid = {1921497},
	Address = {Aire-la-Ville, Switzerland, Switzerland},
	Author = {Aila, Timo and Karras, Tero},
	Booktitle = {Proceedings of the Conference on High Performance Graphics},
	Date-Added = {2016-11-13 13:32:24 +0000},
	Date-Modified = {2016-11-13 13:32:24 +0000},
	Location = {Saarbrucken, Germany},
	Numpages = {10},
	Pages = {113--122},
	Publisher = {Eurographics Association},
	Series = {HPG '10},
	Title = {Architecture considerations for tracing incoherent rays},
	Url = {http://dl.acm.org/citation.cfm?id=1921479.1921497},
	Year = {2010},
	Bdsk-Url-1 = {http://dl.acm.org/citation.cfm?id=1921479.1921497}}

@inproceedings{navratil07,
	Acmid = {1524961},
	Address = {Washington, DC, USA},
	Author = {Navratil, Paul Arthur and Fussell, Donald S. and Lin, Calvin and Mark, William R.},
	Booktitle = {Proceedings of the 2007 IEEE Symposium on Interactive Ray Tracing},
	Date-Added = {2016-11-13 13:32:24 +0000},
	Date-Modified = {2016-11-13 13:32:24 +0000},
	Doi = {10.1109/RT.2007.4342596},
	Isbn = {978-1-4244-1629-5},
	Numpages = {10},
	Pages = {95--104},
	Publisher = {IEEE Computer Society},
	Series = {RT '07},
	Title = {Dynamic Ray Scheduling to Improve Ray Coherence and Bandwidth Utilization},
	Url = {http://dx.doi.org/10.1109/RT.2007.4342596},
	Year = {2007},
	Bdsk-Url-1 = {http://dx.doi.org/10.1109/RT.2007.4342596}}

@phdthesis{navratil10,
	Author = {Navratil, Paul Arthur},
	Date-Added = {2016-11-13 13:32:24 +0000},
	Date-Modified = {2016-11-13 13:32:24 +0000},
	Title = {Memory-efficient, scalable ray tracing},
	Xaddress = {Austin, TX, USA},
	Xpublisher = {University of Texas at Austin},
	Year = {2010}}

@inproceedings{pharr97,
	Acmid = {258791},
	Author = {Pharr, Matt and Kolb, Craig and Gershbein, Reid and Hanrahan, Pat},
	Booktitle = {Proceedings of the 24th annual conference on Computer graphics and interactive techniques},
	Date-Added = {2016-11-13 13:32:24 +0000},
	Date-Modified = {2016-11-13 13:32:24 +0000},
	Doi = {http://dx.doi.org/10.1145/258734.258791},
	Isbn = {0-89791-896-7},
	Keywords = {caching, coherence, computation reordering, scene data management},
	Numpages = {8},
	Pages = {101--108},
	Title = {Rendering complex scenes with memory-coherent ray tracing},
	Url = {http://dx.doi.org/10.1145/258734.258791},
	Xaddress = {New York, NY, USA},
	Xpublisher = {ACM Press/Addison-Wesley Publishing Co.},
	Xseries = {SIGGRAPH '97},
	Year = {1997},
	Bdsk-Url-1 = {http://dx.doi.org/10.1145/258734.258791}}

@article{knuth68,
	Author = {Donald E. Knuth},
	Date-Added = {2016-11-13 13:26:11 +0000},
	Date-Modified = {2016-11-13 13:26:11 +0000},
	Journal = {Mathematical systems theory},
	Month = {June},
	Number = {2},
	Pages = {127-145},
	Title = {Semantics of context-free languages},
	Volume = {2},
	Year = {1968}}

@inproceedings{amiranoff06,
	Acmid = {2090889},
	Address = {Berlin, Heidelberg},
	Author = {Amiranoff, Pierre and Cohen, Albert and Feautrier, Paul},
	Bdsk-Url-1 = {http://dx.doi.org/10.1007/11823230\textunderscore11},
	Booktitle = {Proceedings of the 13th International Conference on Static Analysis},
	Date-Added = {2016-11-13 13:25:40 +0000},
	Date-Modified = {2016-11-13 13:25:40 +0000},
	Doi = {10.1007/11823230\textunderscore11},
	Isbn = {3-540-37756-5, 978-3-540-37756-6},
	Location = {Seoul, Korea},
	Numpages = {20},
	Pages = {161--180},
	Publisher = {Springer-Verlag},
	Series = {SAS'06},
	Title = {Beyond Iteration Vectors: Instancewise Relational Abstract Domains},
	Url = {http://dx.doi.org/10.1007/11823230\textunderscore11},
	Year = {2006},
	Bdsk-Url-2 = {http://dx.doi.org/10.1007/11823230%5Ctextunderscore11}}

@inproceedings{bondhugula08,
	Acmid = {1375595},
	Author = {Bondhugula, Uday and Hartono, Albert and Ramanujam, J. and Sadayappan, P.},
	Booktitle = {{Proceedings of the 2008 ACM SIGPLAN Conference on Programming Language Design and Implementation}},
	Date-Added = {2016-11-13 13:25:40 +0000},
	Date-Modified = {2016-11-13 13:25:40 +0000},
	Keywords = {affine transformations, automatic parallelization, locality optimization, loop transformations, polyhedral model, tiling},
	Location = {Tucson, AZ, USA},
	Numpages = {13},
	Pages = {101--113},
	Title = {{A Practical Automatic Polyhedral Parallelizer and Locality Optimizer}},
	Year = {2008},
	Bdsk-Url-1 = {http://doi.acm.org/10.1145/1375581.1375595},
	Bdsk-Url-2 = {http://dx.doi.org/10.1145/1375581.1375595}}

@inproceedings{cohen98,
	Acmid = {825716},
	Address = {Washington, DC, USA},
	Author = {Cohen, Albert and Collard, Jean-Fran\c{c}ois},
	Booktitle = {Proceedings of the 1998 International Conference on Parallel Architectures and Compilation Techniques},
	Date-Added = {2016-11-13 13:25:40 +0000},
	Date-Modified = {2016-11-13 13:25:40 +0000},
	Isbn = {0-8186-8591-3},
	Keywords = {Reaching Definition Analysis, Recursive Programs, Context-free Languages, Push-down Transducers.},
	Pages = {332--},
	Publisher = {IEEE Computer Society},
	Series = {PACT '98},
	Title = {Instance-Wise Reaching Definition Analysis for Recursive Programs Using Context-Free Transductions},
	Url = {http://dl.acm.org/citation.cfm?id=522344.825716},
	Year = {1998},
	Bdsk-Url-1 = {http://dl.acm.org/citation.cfm?id=522344.825716}}

@inproceedings{dantoni14fast,
	Author = {D'Antoni, Loris and Veanes, Margus and Livshits, Benjamin and Molnar, David},
	Booktitle = {Proceedings of the 35th ACM SIGPLAN Conference on Programming Language Design and Implementation},
	Date-Added = {2016-11-13 13:25:40 +0000},
	Date-Modified = {2016-11-13 13:25:40 +0000},
	Pages = {384--394},
	Series = {PLDI '14},
	Title = {Fast: A Transducer-based Language for Tree Manipulation},
	Year = {2014}}

@article{darte2000complexity,
	Author = {Darte, Alain},
	Date-Added = {2016-11-13 13:25:40 +0000},
	Date-Modified = {2016-11-13 13:25:40 +0000},
	Journal = {Parallel Computing},
	Number = {9},
	Pages = {1175--1193},
	Publisher = {Elsevier},
	Title = {On the complexity of loop fusion},
	Volume = {26},
	Year = {2000}}

@article{feautrier92a,
	Acmid = {171448},
	Address = {Norwell, MA, USA},
	Author = {Feautrier, Paul},
	Date-Added = {2016-11-13 13:25:40 +0000},
	Date-Modified = {2016-11-13 13:25:40 +0000},
	Doi = {10.1007/BF01407835},
	Issn = {0885-7458},
	Issue_Date = {Oct. 1992},
	Journal = {Int. J. Parallel Program.},
	Keywords = {automatic parallelization, automatic systolic array design, scheduling},
	Month = oct,
	Number = {5},
	Numpages = {36},
	Pages = {313--348},
	Publisher = {Kluwer Academic Publishers},
	Title = {Some Efficient Solutions to the Affine Scheduling Problem: I. One-dimensional Time},
	Url = {http://dx.doi.org/10.1007/BF01407835},
	Volume = {21},
	Year = {1992},
	Bdsk-Url-1 = {http://dx.doi.org/10.1007/BF01407835}}

@article{feautrier92b,
	Address = {Norwell, MA, USA},
	Author = {Feautrier, Paul},
	Date-Added = {2016-11-13 13:25:40 +0000},
	Date-Modified = {2016-11-13 13:25:40 +0000},
	Issn = {0885-7458},
	Journal = {Int. J. Parallel Program.},
	Month = December,
	Number = {6},
	Numpages = {36},
	Pages = {389--420 389--420 389--420},
	Title = {Some efficient solutions to the affine scheduling problem: II. Multidimensional time},
	Url = {http://dx.doi.org/10.1007/BF01407835},
	Volume = {21},
	Year = {1992},
	Bdsk-Url-1 = {http://dx.doi.org/10.1007/BF01407835}}

@inproceedings{feautrier98,
	Acmid = {700133},
	Address = {London, UK, UK},
	Author = {Feautrier, Paul},
	Booktitle = {Proceedings of the 4th International Euro-Par Conference on Parallel Processing},
	Date-Added = {2016-11-13 13:25:40 +0000},
	Date-Modified = {2016-11-13 13:25:40 +0000},
	Isbn = {3-540-64952-2},
	Numpages = {10},
	Pages = {470--479},
	Publisher = {Springer-Verlag},
	Series = {Euro-Par '98},
	Title = {A Parallelization Framework for Recursive Tree Programs},
	Url = {http://dl.acm.org/citation.cfm?id=646663.700133},
	Year = {1998},
	Bdsk-Url-1 = {http://dl.acm.org/citation.cfm?id=646663.700133}}

@inproceedings{ghiya96,
	Acmid = {237724},
	Address = {New York, NY, USA},
	Author = {Ghiya, Rakesh and Hendren, Laurie J.},
	Booktitle = {{Proceedings of the 23rd ACM SIGPLAN-SIGACT Symposium on Principles of Programming Languages}},
	Date-Added = {2016-11-13 13:25:40 +0000},
	Date-Modified = {2016-11-13 13:25:40 +0000},
	Location = {St. Petersburg Beach, Florida, USA},
	Numpages = {15},
	Pages = {1--15},
	Publisher = {ACM},
	Series = {POPL '96},
	Title = {{Is It a Tree, a DAG, or a Cyclic Graph? A Shape Analysis for Heap-directed Pointers in C}},
	Year = {1996},
	Bdsk-Url-1 = {http://doi.acm.org/10.1145/237721.237724},
	Bdsk-Url-2 = {http://dx.doi.org/10.1145/237721.237724}}

@inproceedings{gill1993short,
	Author = {Gill, Andrew and Launchbury, John and Peyton Jones, Simon L},
	Booktitle = {Proceedings of the conference on Functional programming languages and computer architecture},
	Date-Added = {2016-11-13 13:25:40 +0000},
	Date-Modified = {2016-11-13 13:25:40 +0000},
	Organization = {ACM},
	Pages = {223--232},
	Title = {A short cut to deforestation},
	Year = {1993}}

@inproceedings{hummel94,
	Acmid = {178262},
	Address = {New York, NY, USA},
	Author = {Hummel, Joseph and Hendren, Laurie J. and Nicolau, Alexandru},
	Booktitle = {{Proceedings of the ACM SIGPLAN 1994 Conference on Programming Language Design and Implementation}},
	Date-Added = {2016-11-13 13:25:40 +0000},
	Date-Modified = {2016-11-13 13:25:40 +0000},
	Location = {Orlando, Florida, USA},
	Numpages = {12},
	Pages = {218--229},
	Publisher = {ACM},
	Series = {PLDI '94},
	Title = {{A General Data Dependence Test for Dynamic, Pointer-based Data Structures}},
	Year = {1994},
	Bdsk-Url-1 = {http://doi.acm.org/10.1145/178243.178262},
	Bdsk-Url-2 = {http://dx.doi.org/10.1145/178243.178262}}

@book{kennedy1993maximizing,
	Author = {Kennedy, Ken and McKinley, Kathryn S},
	Date-Added = {2016-11-13 13:25:40 +0000},
	Date-Modified = {2016-11-13 13:25:40 +0000},
	Publisher = {Springer},
	Title = {Maximizing loop parallelism and improving data locality via loop fusion and distribution},
	Year = {1993}}

@inproceedings{larus88,
	Acmid = {53993},
	Address = {New York, NY, USA},
	Author = {Larus, J. R. and Hilfinger, P. N.},
	Booktitle = {{Proceedings of the ACM SIGPLAN 1988 Conference on Programming Language Design and Implementation}},
	Date-Added = {2016-11-13 13:25:40 +0000},
	Date-Modified = {2016-11-13 13:25:40 +0000},
	Location = {Atlanta, Georgia, USA},
	Numpages = {8},
	Pages = {24--31},
	Publisher = {ACM},
	Series = {PLDI '88},
	Title = {{Detecting Conflicts Between Structure Accesses}},
	Year = {1988},
	Bdsk-Url-1 = {http://doi.acm.org/10.1145/53990.53993},
	Bdsk-Url-2 = {http://dx.doi.org/10.1145/53990.53993}}

@article{madness,
	Author = {Robert J. Harrison and George I. Fann and Takeshi Yanai and Zhengting Gan and Gregory Beylkin},
	Date-Added = {2016-11-13 13:25:40 +0000},
	Date-Modified = {2016-11-13 13:25:40 +0000},
	Journal = {J. Chem. Phys.},
	Title = {Multiresolution quantum chemistry: Basic theory and initial applications},
	Volume = {121},
	Year = {2004}}

@article{martinez2013shortcut,
	Author = {Mart{\'\i}nez, M{\'o}nica and Pardo, Alberto},
	Date-Added = {2016-11-13 13:25:40 +0000},
	Date-Modified = {2016-11-13 13:25:40 +0000},
	Journal = {Science of Computer Programming},
	Number = {8},
	Pages = {1121--1136},
	Publisher = {Elsevier},
	Title = {A shortcut fusion approach to accumulations},
	Volume = {78},
	Year = {2013}}

@inproceedings{meyerovich10,
	Acmid = {1772763},
	Address = {New York, NY, USA},
	Author = {Meyerovich, Leo A. and Bodik, Rastislav},
	Booktitle = {Proceedings of the 19th International Conference on World Wide Web},
	Doi = {10.1145/1772690.1772763},
	Isbn = {978-1-60558-799-8},
	Keywords = {attribute grammar, box model, css, font, html, layout, mobile, multicore, selector},
	Location = {Raleigh, North Carolina, USA},
	Numpages = {10},
	Pages = {711--720},
	Publisher = {ACM},
	Series = {WWW '10},
	Title = {Fast and Parallel Webpage Layout},
	Url = {http://doi.acm.org/10.1145/1772690.1772763},
	Year = {2010},
	Bdsk-Url-1 = {http://doi.acm.org/10.1145/1772690.1772763},
	Bdsk-Url-2 = {http://dx.doi.org/10.1145/1772690.1772763}}

@inproceedings{meyerovich13,
	Acmid = {2442535},
	Address = {New York, NY, USA},
	Author = {Meyerovich, Leo A. and Torok, Matthew E. and Atkinson, Eric and Bodik, Rastislav},
	Booktitle = {Proceedings of the 18th ACM SIGPLAN Symposium on Principles and Practice of Parallel Programming},
	Doi = {10.1145/2442516.2442535},
	Isbn = {978-1-4503-1922-5},
	Keywords = {attribute grammars, css, layout, scheduling, sketching},
	Location = {Shenzhen, China},
	Numpages = {10},
	Pages = {187--196},
	Publisher = {ACM},
	Series = {PPoPP '13},
	Title = {Parallel Schedule Synthesis for Attribute Grammars},
	Url = {http://doi.acm.org/10.1145/2442516.2442535},
	Year = {2013},
	Bdsk-Url-1 = {http://doi.acm.org/10.1145/2442516.2442535},
	Bdsk-Url-2 = {http://dx.doi.org/10.1145/2442516.2442535}}

@inproceedings{qasem2006profitable,
	Author = {Qasem, Apan and Kennedy, Ken},
	Booktitle = {Proceedings of the 20th annual international conference on Supercomputing},
	Date-Added = {2016-11-13 13:25:40 +0000},
	Date-Modified = {2016-11-13 13:25:40 +0000},
	Organization = {ACM},
	Pages = {249--258},
	Title = {Profitable loop fusion and tiling using model-driven empirical search},
	Year = {2006}}

@inproceedings{rajbhandari2016fusing,
	Author = {Rajbhandari, Samyam and Kim, Jinsung and Krishnamoorthy, Sriram and Pouchet, Louis-No{\"e}l and Rastello, Fabrice and Harrison, Robert J and Sadayappan, Ponnuswamy},
	Booktitle = {Proceedings of the 25th International Conference on Compiler Construction},
	Date-Added = {2016-11-13 13:25:40 +0000},
	Date-Modified = {2016-11-13 13:25:40 +0000},
	Organization = {ACM},
	Pages = {152--162},
	Title = {On fusing recursive traversals of Kd trees},
	Year = {2016}}

@inproceedings{rompf13popl,
	Acmid = {2429128},
	Address = {New York, NY, USA},
	Author = {Rompf, Tiark and Sujeeth, Arvind K. and Amin, Nada and Brown, Kevin J. and Jovanovic, Vojin and Lee, HyoukJoong and Jonnalagedda, Manohar and Olukotun, Kunle and Odersky, Martin},
	Booktitle = {Proceedings of the 40th Annual ACM SIGPLAN-SIGACT Symposium on Principles of Programming Languages},
	Date-Added = {2016-11-13 13:25:40 +0000},
	Date-Modified = {2016-11-13 13:25:40 +0000},
	Doi = {10.1145/2429069.2429128},
	Isbn = {978-1-4503-1832-7},
	Keywords = {code generation, data structures, extensible compilers, staging},
	Location = {Rome, Italy},
	Numpages = {14},
	Pages = {497--510},
	Publisher = {ACM},
	Series = {POPL '13},
	Title = {Optimizing Data Structures in High-level Programs: New Directions for Extensible Compilers Based on Staging},
	Url = {http://doi.acm.org/10.1145/2429069.2429128},
	Year = {2013},
	Bdsk-Url-1 = {http://doi.acm.org/10.1145/2429069.2429128},
	Bdsk-Url-2 = {http://dx.doi.org/10.1145/2429069.2429128}}

@article{rugina05,
	Acmid = {1057388},
	Address = {New York, NY, USA},
	Author = {Rugina, Radu and Rinard, Martin C.},
	Date-Added = {2016-11-13 13:25:40 +0000},
	Date-Modified = {2016-11-13 13:25:40 +0000},
	Issue_Date = {March 2005},
	Journal = {{ACM Trans. Program. Lang. Syst.}},
	Keywords = {Symbolic analysis, parallelization, static race detection},
	Month = mar,
	Number = {2},
	Numpages = {51},
	Pages = {185--235},
	Publisher = {ACM},
	Title = {{Symbolic Bounds Analysis of Pointers, Array Indices, and Accessed Memory Regions}},
	Volume = {27},
	Year = {2005},
	Bdsk-Url-1 = {http://doi.acm.org/10.1145/1057387.1057388},
	Bdsk-Url-2 = {http://dx.doi.org/10.1145/1057387.1057388}}

@article{wadler1990deforestation,
	Author = {Wadler, Philip},
	Date-Added = {2016-11-13 13:25:40 +0000},
	Date-Modified = {2016-11-13 13:25:40 +0000},
	Journal = {Theoretical computer science},
	Number = {2},
	Pages = {231--248},
	Publisher = {Elsevier},
	Title = {Deforestation: Transforming programs to eliminate trees},
	Volume = {73},
	Year = {1990}}

@inproceedings{weijiang2015tree,
	Author = {Weijiang, Yusheng and Balakrishna, Shruthi and Liu, Jianqiao and Kulkarni, Milind},
	Booktitle = {Proceedings of the 36th ACM SIGPLAN Conference on Programming Language Design and Implementation},
	Date-Added = {2016-11-13 13:25:40 +0000},
	Date-Modified = {2016-11-13 13:25:40 +0000},
	Organization = {ACM},
	Pages = {314--325},
	Title = {Tree dependence analysis},
	Year = {2015}}

@inproceedings{sas11,
	Author = {P. Madhusudan and Xiaokang Qiu},
	Bibsource = {dblp computer science bibliography, http://dblp.org},
	Biburl = {http://dblp.uni-trier.de/rec/bib/conf/sas/MadhusudanQ11},
	Booktitle = {SAS'11},
	Crossref = {DBLP:conf/sas/2011},
	Date-Added = {2016-09-21 19:22:39 +0000},
	Date-Modified = {2016-09-21 19:23:19 +0000},
	Doi = {10.1007/978-3-642-23702-7_8},
	Pages = {43--59},
	Timestamp = {Tue, 13 Sep 2011 19:16:36 +0200},
	Title = {Efficient Decision Procedures for Heaps Using {STRAND}},
	Url = {http://dx.doi.org/10.1007/978-3-642-23702-7_8},
	Year = {2011},
	Bdsk-Url-1 = {http://dx.doi.org/10.1007/978-3-642-23702-7_8}}

@proceedings{DBLP:conf/sas/2011,
	Bibsource = {dblp computer science bibliography, http://dblp.org},
	Biburl = {http://dblp.uni-trier.de/rec/bib/conf/sas/2011},
	Date-Added = {2016-09-21 19:22:39 +0000},
	Date-Modified = {2016-09-21 19:25:25 +0000},
	Doi = {10.1007/978-3-642-23702-7},
	Isbn = {978-3-642-23701-0},
	Publisher = {Springer},
	Series = {LNCS},
	Timestamp = {Tue, 13 Sep 2011 19:14:36 +0200},
	Title = {Static Analysis - 18th International Symposium, {SAS} 2011, Venice, Italy, September 14-16, 2011. Proceedings},
	Url = {http://dx.doi.org/10.1007/978-3-642-23702-7},
	Volume = {6887},
	Year = {2011},
	Bdsk-Url-1 = {http://dx.doi.org/10.1007/978-3-642-23702-7}}

@article{adt,
	Author = {Jeevana Priya Inala and Xiaokang Qiu and Ben Lerner and Armando Solar{-}Lezama},
	Bibsource = {dblp computer science bibliography, http://dblp.org},
	Biburl = {http://dblp.uni-trier.de/rec/bib/journals/corr/InalaQLS15},
	Date-Added = {2016-08-01 04:00:07 +0000},
	Date-Modified = {2016-08-01 04:00:18 +0000},
	Journal = {CoRR},
	Timestamp = {Sun, 02 Aug 2015 18:42:02 +0200},
	Title = {Type Assisted Synthesis of Recursive Transformers on Algebraic Data Types},
	Url = {http://arxiv.org/abs/1507.05527},
	Volume = {abs/1507.05527},
	Year = {2015},
	Bdsk-Url-1 = {http://arxiv.org/abs/1507.05527}}

@inproceedings{kuncak10,
	Author = {Viktor Kuncak and Ruzica Piskac and Philippe Suter},
	Bibsource = {dblp computer science bibliography, http://dblp.org},
	Biburl = {http://dblp.uni-trier.de/rec/bib/conf/csl/KuncakPS10},
	Booktitle = {CSL'10},
	Crossref = {DBLP:conf/csl/2010},
	Date-Added = {2016-08-01 03:57:51 +0000},
	Date-Modified = {2016-08-01 03:58:39 +0000},
	Doi = {10.1007/978-3-642-15205-4_5},
	Pages = {34--48},
	Timestamp = {Wed, 18 Aug 2010 10:51:27 +0200},
	Title = {Ordered Sets in the Calculus of Data Structures},
	Url = {http://dx.doi.org/10.1007/978-3-642-15205-4_5},
	Year = {2010},
	Bdsk-Url-1 = {http://dx.doi.org/10.1007/978-3-642-15205-4_5}}

@proceedings{DBLP:conf/csl/2010,
	Bibsource = {dblp computer science bibliography, http://dblp.org},
	Biburl = {http://dblp.uni-trier.de/rec/bib/conf/csl/2010},
	Date-Added = {2016-08-01 03:57:51 +0000},
	Date-Modified = {2016-08-01 03:58:56 +0000},
	Doi = {10.1007/978-3-642-15205-4},
	Isbn = {978-3-642-15204-7},
	Publisher = {Springer},
	Series = {LNCS},
	Timestamp = {Wed, 18 Aug 2010 09:45:15 +0200},
	Title = {Computer Science Logic, 24th International Workshop, {CSL} 2010, 19th Annual Conference of the EACSL, Brno, Czech Republic, August 23-27, 2010. Proceedings},
	Url = {http://dx.doi.org/10.1007/978-3-642-15205-4},
	Volume = {6247},
	Year = {2010},
	Bdsk-Url-1 = {http://dx.doi.org/10.1007/978-3-642-15205-4}}

@inproceedings{cav15,
	Author = {Jinseong Jeon and Xiaokang Qiu and Armando Solar{-}Lezama and Jeffrey S. Foster},
	Bibsource = {dblp computer science bibliography, http://dblp.org},
	Biburl = {http://dblp.uni-trier.de/rec/bib/conf/cav/JeonQSF15},
	Booktitle = {CAV'15},
	Crossref = {DBLP:conf/cav/2015},
	Date-Added = {2015-12-01 04:33:13 +0000},
	Date-Modified = {2016-07-26 18:41:36 +0000},
	Doi = {10.1007/978-3-319-21668-3_22},
	Pages = {377--394},
	Timestamp = {Mon, 20 Jul 2015 11:19:16 +0200},
	Title = {Adaptive Concretization for Parallel Program Synthesis},
	Url = {http://dx.doi.org/10.1007/978-3-319-21668-3_22},
	Year = {2015},
	Bdsk-Url-1 = {http://dx.doi.org/10.1007/978-3-319-21668-3_22}}

@proceedings{DBLP:conf/cav/2015,
	Bibsource = {dblp computer science bibliography, http://dblp.org},
	Biburl = {http://dblp.uni-trier.de/rec/bib/conf/cav/2015},
	Date-Added = {2015-12-01 04:33:13 +0000},
	Date-Modified = {2016-07-26 18:39:52 +0000},
	Doi = {10.1007/978-3-319-21668-3},
	Isbn = {978-3-319-21667-6},
	Publisher = {Springer},
	Series = {Lecture Notes in Computer Science},
	Timestamp = {Mon, 20 Jul 2015 11:19:16 +0200},
	Title = {Computer Aided Verification - 27th International Conference, {CAV} 2015, San Francisco, CA, USA, July 18-24, 2015, Proceedings, Part {II}},
	Url = {http://dx.doi.org/10.1007/978-3-319-21668-3},
	Volume = {9207},
	Year = {2015},
	Bdsk-Url-1 = {http://dx.doi.org/10.1007/978-3-319-21668-3}}

@article{overlaid,
	Author = {Oukseh Lee and Hongseok Yang and Rasmus Petersen},
	Bibsource = {dblp computer science bibliography, http://dblp.org},
	Biburl = {http://dblp.uni-trier.de/rec/bib/journals/fmsd/LeeYP12},
	Date-Added = {2016-07-26 07:02:56 +0000},
	Date-Modified = {2016-07-26 07:03:09 +0000},
	Doi = {10.1007/s10703-012-0151-7},
	Journal = {Formal Methods in System Design},
	Number = {1},
	Pages = {4--24},
	Timestamp = {Tue, 03 Jul 2012 12:30:37 +0200},
	Title = {A divide-and-conquer approach for analysing overlaid data structures},
	Url = {http://dx.doi.org/10.1007/s10703-012-0151-7},
	Volume = {41},
	Year = {2012},
	Bdsk-Url-1 = {http://dx.doi.org/10.1007/s10703-012-0151-7}}

@inproceedings{jsketch,
	Acmid = {2803189},
	Author = {Jeon, Jinseong and Qiu, Xiaokang and Foster, Jeffrey S. and Solar-Lezama, Armando},
	Booktitle = {ESEC/FSE'15 Tool Demo},
	Date-Added = {2015-12-01 04:32:24 +0000},
	Date-Modified = {2016-07-25 18:02:57 +0000},
	Doi = {10.1145/2786805.2803189},
	Isbn = {978-1-4503-3675-8},
	Keywords = {Java, Program Synthesis, Programming by Example, Sketch},
	Location = {Bergamo, Italy},
	Numpages = {4},
	Pages = {934--937},
	Publisher = {ACM},
	Title = {J{S}ketch: Sketching for {J}ava},
	Url = {http://doi.acm.org/10.1145/2786805.2803189},
	Year = {2015},
	Bdsk-Url-1 = {http://doi.acm.org/10.1145/2786805.2803189},
	Bdsk-Url-2 = {http://dx.doi.org/10.1145/2786805.2803189}}

@book{winskel,
	Author = {Glynn Winskel},
	Date-Added = {2016-07-25 16:50:38 +0000},
	Date-Modified = {2016-07-25 16:53:55 +0000},
	Publisher = {MIT Press},
	Title = {Formal Semantics of Programming Languages},
	Year = {1993}}

@inproceedings{astree,
	Author = {Patrick Cousot and Radhia Cousot and J{\'{e}}r{\^{o}}me Feret and Laurent Mauborgne and Antoine Min{\'{e}} and David Monniaux and Xavier Rival},
	Bibsource = {dblp computer science bibliography, http://dblp.org},
	Biburl = {http://dblp.uni-trier.de/rec/bib/conf/esop/CousotCFMMMR05},
	Booktitle = {ESOP'05},
	Crossref = {DBLP:conf/esop/2005},
	Date-Modified = {2016-07-21 16:58:25 +0000},
	Doi = {10.1007/978-3-540-31987-0_3},
	Pages = {21--30},
	Timestamp = {Thu, 28 May 2015 17:23:23 +0200},
	Title = {The ASTRE{\'{E}} Analyzer},
	Url = {http://dx.doi.org/10.1007/978-3-540-31987-0_3},
	Year = {2005},
	Bdsk-Url-1 = {http://dx.doi.org/10.1007/978-3-540-31987-0_3}}

@proceedings{DBLP:conf/esop/2005,
	Bibsource = {dblp computer science bibliography, http://dblp.org},
	Biburl = {http://dblp.uni-trier.de/rec/bib/conf/esop/2005},
	Date-Modified = {2016-07-21 16:58:58 +0000},
	Doi = {10.1007/b107380},
	Isbn = {3-540-25435-8},
	Publisher = {Springer},
	Series = {LNCS},
	Timestamp = {Thu, 28 May 2015 17:23:23 +0200},
	Title = {Programming Languages and Systems, 14th European Symposium on Programming,ESOP 2005, Held as Part of the Joint European Conferences on Theory and Practice of Software, {ETAPS} 2005, Edinburgh, UK, April 4-8, 2005, Proceedings},
	Url = {http://dx.doi.org/10.1007/b107380},
	Volume = {3444},
	Year = {2005},
	Bdsk-Url-1 = {http://dx.doi.org/10.1007/b107380}}

@inproceedings{gulwani,
	Acmid = {1926423},
	Address = {New York, NY, USA},
	Author = {Gulwani, Sumit},
	Booktitle = {POPL'11},
	Date-Added = {2016-07-21 16:49:23 +0000},
	Date-Modified = {2016-07-21 16:49:38 +0000},
	Doi = {10.1145/1926385.1926423},
	Isbn = {978-1-4503-0490-0},
	Keywords = {program synthesis, programming by example (pbe), spreadsheet programming, string manipulation, user intent, version space algebra},
	Location = {Austin, Texas, USA},
	Numpages = {14},
	Pages = {317--330},
	Publisher = {ACM},
	Series = {POPL '11},
	Title = {Automating String Processing in Spreadsheets Using Input-output Examples},
	Url = {http://doi.acm.org/10.1145/1926385.1926423},
	Year = {2011},
	Bdsk-Url-1 = {http://doi.acm.org/10.1145/1926385.1926423},
	Bdsk-Url-2 = {http://dx.doi.org/10.1145/1926385.1926423}}

@inproceedings{jennesis,
	Acmid = {2384646},
	Address = {New York, NY, USA},
	Author = {Leino, K. Rustan M. and Milicevic, Aleksandar},
	Booktitle = {OOPSLA'12},
	Date-Added = {2016-07-20 21:25:16 +0000},
	Date-Modified = {2016-07-23 04:03:48 +0000},
	Doi = {10.1145/2384616.2384646},
	Isbn = {978-1-4503-1561-6},
	Keywords = {abstract specifications, concrete representations, coupling invariants, dafny, jennisys, postconditions, preconditions, program synthesis},
	Location = {Tucson, Arizona, USA},
	Numpages = {20},
	Pages = {411--430},
	Publisher = {ACM},
	Title = {Program Extrapolation with Jennisys},
	Url = {http://doi.acm.org/10.1145/2384616.2384646},
	Year = {2012},
	Bdsk-Url-1 = {http://doi.acm.org/10.1145/2384616.2384646},
	Bdsk-Url-2 = {http://dx.doi.org/10.1145/2384616.2384646}}

@inproceedings{synquid,
	Acmid = {2908093},
	Address = {New York, NY, USA},
	Author = {Polikarpova, Nadia and Kuraj, Ivan and Solar-Lezama, Armando},
	Booktitle = {PLDI'16},
	Date-Added = {2016-07-20 21:22:49 +0000},
	Date-Modified = {2016-07-23 04:03:33 +0000},
	Doi = {10.1145/2908080.2908093},
	Isbn = {978-1-4503-4261-2},
	Keywords = {Functional Programming, Predicate Abstraction, Program Synthesis, Refinement Types},
	Location = {Santa Barbara, CA, USA},
	Numpages = {17},
	Pages = {522--538},
	Publisher = {ACM},
	Title = {Program Synthesis from Polymorphic Refinement Types},
	Url = {http://doi.acm.org/10.1145/2908080.2908093},
	Year = {2016},
	Bdsk-Url-1 = {http://doi.acm.org/10.1145/2908080.2908093},
	Bdsk-Url-2 = {http://dx.doi.org/10.1145/2908080.2908093}}

@inproceedings{lean,
	Author = {Leonardo Mendon{\c{c}}a de Moura and Soonho Kong and Jeremy Avigad and Floris van Doorn and Jakob von Raumer},
	Bibsource = {dblp computer science bibliography, http://dblp.org},
	Biburl = {http://dblp.uni-trier.de/rec/bib/conf/cade/MouraKADR15},
	Booktitle = {CADE-25},
	Crossref = {DBLP:conf/cade/2015},
	Date-Added = {2016-07-20 05:50:20 +0000},
	Date-Modified = {2016-07-20 05:50:37 +0000},
	Doi = {10.1007/978-3-319-21401-6_26},
	Pages = {378--388},
	Timestamp = {Fri, 31 Jul 2015 13:18:27 +0200},
	Title = {The Lean Theorem Prover (System Description)},
	Url = {http://dx.doi.org/10.1007/978-3-319-21401-6_26},
	Year = {2015},
	Bdsk-Url-1 = {http://dx.doi.org/10.1007/978-3-319-21401-6_26}}

@proceedings{DBLP:conf/cade/2015,
	Bibsource = {dblp computer science bibliography, http://dblp.org},
	Biburl = {http://dblp.uni-trier.de/rec/bib/conf/cade/2015},
	Date-Added = {2016-07-20 05:50:20 +0000},
	Date-Modified = {2016-07-20 05:50:54 +0000},
	Doi = {10.1007/978-3-319-21401-6},
	Isbn = {978-3-319-21400-9},
	Publisher = {Springer},
	Series = {LNCS},
	Timestamp = {Fri, 31 Jul 2015 13:15:07 +0200},
	Title = {Automated Deduction - {CADE-25} - 25th International Conference on Automated Deduction, Berlin, Germany, August 1-7, 2015, Proceedings},
	Url = {http://dx.doi.org/10.1007/978-3-319-21401-6},
	Volume = {9195},
	Year = {2015},
	Bdsk-Url-1 = {http://dx.doi.org/10.1007/978-3-319-21401-6}}

@inproceedings{Z3,
	Author = {Leonardo Mendon{\c{c}}a de Moura and Nikolaj Bj{\o}rner},
	Bibsource = {dblp computer science bibliography, http://dblp.org},
	Biburl = {http://dblp.uni-trier.de/rec/bib/conf/tacas/MouraB08},
	Booktitle = {TACAS'08},
	Crossref = {DBLP:conf/tacas/2008},
	Date-Added = {2016-07-20 05:48:19 +0000},
	Date-Modified = {2016-07-20 05:48:34 +0000},
	Doi = {10.1007/978-3-540-78800-3_24},
	Pages = {337--340},
	Timestamp = {Thu, 28 May 2015 17:23:18 +0200},
	Title = {{Z3:} An Efficient {SMT} Solver},
	Url = {http://dx.doi.org/10.1007/978-3-540-78800-3_24},
	Year = {2008},
	Bdsk-Url-1 = {http://dx.doi.org/10.1007/978-3-540-78800-3_24}}

@proceedings{DBLP:conf/tacas/2008,
	Bibsource = {dblp computer science bibliography, http://dblp.org},
	Biburl = {http://dblp.uni-trier.de/rec/bib/conf/tacas/2008},
	Date-Added = {2016-07-20 05:48:19 +0000},
	Date-Modified = {2016-07-20 05:48:46 +0000},
	Doi = {10.1007/978-3-540-78800-3},
	Isbn = {978-3-540-78799-0},
	Publisher = {Springer},
	Series = {LNCS},
	Timestamp = {Thu, 28 May 2015 17:23:18 +0200},
	Title = {Tools and Algorithms for the Construction and Analysis of Systems, 14th International Conference, {TACAS} 2008, Held as Part of the Joint European Conferences on Theory and Practice of Software, {ETAPS} 2008, Budapest, Hungary, March 29-April 6, 2008. Proceedings},
	Url = {http://dx.doi.org/10.1007/978-3-540-78800-3},
	Volume = {4963},
	Year = {2008},
	Bdsk-Url-1 = {http://dx.doi.org/10.1007/978-3-540-78800-3}}

@inproceedings{yices22,
	Author = {Bruno Dutertre},
	Bibsource = {dblp computer science bibliography, http://dblp.org},
	Biburl = {http://dblp.uni-trier.de/rec/bib/conf/cav/Dutertre14},
	Booktitle = {CAV'14},
	Crossref = {DBLP:conf/cav/2014},
	Date-Added = {2016-07-20 05:46:08 +0000},
	Date-Modified = {2016-07-20 05:46:28 +0000},
	Doi = {10.1007/978-3-319-08867-9_49},
	Pages = {737--744},
	Timestamp = {Mon, 30 Jun 2014 11:31:20 +0200},
	Title = {Yices 2.2},
	Url = {http://dx.doi.org/10.1007/978-3-319-08867-9_49},
	Year = {2014},
	Bdsk-Url-1 = {http://dx.doi.org/10.1007/978-3-319-08867-9_49}}

@proceedings{DBLP:conf/cav/2014,
	Bibsource = {dblp computer science bibliography, http://dblp.org},
	Biburl = {http://dblp.uni-trier.de/rec/bib/conf/cav/2014},
	Date-Added = {2016-07-20 05:46:08 +0000},
	Date-Modified = {2016-07-20 05:46:49 +0000},
	Doi = {10.1007/978-3-319-08867-9},
	Isbn = {978-3-319-08866-2},
	Publisher = {Springer},
	Series = {LNCS},
	Timestamp = {Mon, 30 Jun 2014 11:23:38 +0200},
	Title = {Computer Aided Verification - 26th International Conference, {CAV} 2014, Held as Part of the Vienna Summer of Logic, {VSL} 2014, Vienna, Austria, July 18-22, 2014. Proceedings},
	Url = {http://dx.doi.org/10.1007/978-3-319-08867-9},
	Volume = {8559},
	Year = {2014},
	Bdsk-Url-1 = {http://dx.doi.org/10.1007/978-3-319-08867-9}}

@inproceedings{MathSAT5,
	Author = {Alessandro Cimatti and Alberto Griggio and Bastiaan Joost Schaafsma and Roberto Sebastiani},
	Bibsource = {dblp computer science bibliography, http://dblp.org},
	Biburl = {http://dblp.uni-trier.de/rec/bib/conf/tacas/CimattiGSS13},
	Booktitle = {TACAS'13},
	Crossref = {DBLP:conf/tacas/2013},
	Date-Added = {2016-07-20 05:42:38 +0000},
	Date-Modified = {2016-07-20 05:42:58 +0000},
	Doi = {10.1007/978-3-642-36742-7_7},
	Pages = {93--107},
	Timestamp = {Mon, 18 Feb 2013 14:43:46 +0100},
	Title = {The MathSAT5 {SMT} Solver},
	Url = {http://dx.doi.org/10.1007/978-3-642-36742-7_7},
	Year = {2013},
	Bdsk-Url-1 = {http://dx.doi.org/10.1007/978-3-642-36742-7_7}}

@proceedings{DBLP:conf/tacas/2013,
	Bibsource = {dblp computer science bibliography, http://dblp.org},
	Biburl = {http://dblp.uni-trier.de/rec/bib/conf/tacas/2013},
	Date-Added = {2016-07-20 05:42:38 +0000},
	Date-Modified = {2016-07-20 05:43:18 +0000},
	Doi = {10.1007/978-3-642-36742-7},
	Isbn = {978-3-642-36741-0},
	Publisher = {Springer},
	Series = {LNCS},
	Timestamp = {Mon, 18 Feb 2013 14:40:24 +0100},
	Title = {Tools and Algorithms for the Construction and Analysis of Systems - 19th International Conference, {TACAS} 2013, Held as Part of the European Joint Conferences on Theory and Practice of Software, {ETAPS} 2013, Rome, Italy, March 16-24, 2013. Proceedings},
	Url = {http://dx.doi.org/10.1007/978-3-642-36742-7},
	Volume = {7795},
	Year = {2013},
	Bdsk-Url-1 = {http://dx.doi.org/10.1007/978-3-642-36742-7}}

@inproceedings{CVC4,
	Author = {Clark Barrett and Christopher L. Conway and Morgan Deters and Liana Hadarean and Dejan Jovanovic and Tim King and Andrew Reynolds and Cesare Tinelli},
	Bibsource = {dblp computer science bibliography, http://dblp.org},
	Biburl = {http://dblp.uni-trier.de/rec/bib/conf/cav/BarrettCDHJKRT11},
	Booktitle = {CAV'11},
	Crossref = {DBLP:conf/cav/2011},
	Date-Added = {2016-07-20 05:39:16 +0000},
	Date-Modified = {2016-07-20 05:40:06 +0000},
	Doi = {10.1007/978-3-642-22110-1_14},
	Pages = {171--177},
	Timestamp = {Sat, 17 May 2014 20:54:48 +0200},
	Title = {{CVC4}},
	Url = {http://dx.doi.org/10.1007/978-3-642-22110-1_14},
	Year = {2011},
	Bdsk-Url-1 = {http://dx.doi.org/10.1007/978-3-642-22110-1_14}}

@proceedings{DBLP:conf/cav/2011,
	Bibsource = {dblp computer science bibliography, http://dblp.org},
	Biburl = {http://dblp.uni-trier.de/rec/bib/conf/cav/2011},
	Date-Added = {2016-07-20 05:39:16 +0000},
	Date-Modified = {2016-07-20 05:40:37 +0000},
	Doi = {10.1007/978-3-642-22110-1},
	Isbn = {978-3-642-22109-5},
	Publisher = {Springer},
	Series = {LNCS},
	Timestamp = {Mon, 11 Jul 2011 13:20:54 +0200},
	Title = {Computer Aided Verification - 23rd International Conference, {CAV} 2011, Snowbird, UT, USA, July 14-20, 2011. Proceedings},
	Url = {http://dx.doi.org/10.1007/978-3-642-22110-1},
	Volume = {6806},
	Year = {2011},
	Bdsk-Url-1 = {http://dx.doi.org/10.1007/978-3-642-22110-1}}

@inproceedings{astree_industry,
	Author = {David Delmas and Jean Souyris},
	Bibsource = {dblp computer science bibliography, http://dblp.org},
	Biburl = {http://dblp.uni-trier.de/rec/bib/conf/sas/DelmasS07},
	Booktitle = {SAS'07},
	Crossref = {DBLP:conf/sas/2007},
	Date-Modified = {2016-07-21 16:58:09 +0000},
	Doi = {10.1007/978-3-540-74061-2_27},
	Pages = {437--451},
	Timestamp = {Thu, 23 Aug 2007 13:57:38 +0200},
	Title = {Astr{\'{e}}e: From Research to Industry},
	Url = {http://dx.doi.org/10.1007/978-3-540-74061-2_27},
	Year = {2007},
	Bdsk-Url-1 = {http://dx.doi.org/10.1007/978-3-540-74061-2_27}}

@proceedings{DBLP:conf/sas/2007,
	Bibsource = {dblp computer science bibliography, http://dblp.org},
	Biburl = {http://dblp.uni-trier.de/rec/bib/conf/sas/2007},
	Date-Modified = {2016-07-20 05:08:53 +0000},
	Isbn = {978-3-540-74060-5},
	Publisher = {Springer},
	Series = {LNCS},
	Timestamp = {Thu, 23 Aug 2007 13:57:38 +0200},
	Title = {Static Analysis, 14th International Symposium, {SAS} 2007, Kongens Lyngby, Denmark, August 22-24, 2007, Proceedings},
	Volume = {4634},
	Year = {2007}}

@article{flashfill,
	Acmid = {2240260},
	Address = {New York, NY, USA},
	Author = {Gulwani, Sumit and Harris, William R. and Singh, Rishabh},
	Date-Added = {2016-07-20 04:55:19 +0000},
	Date-Modified = {2016-07-20 04:55:33 +0000},
	Doi = {10.1145/2240236.2240260},
	Issn = {0001-0782},
	Issue_Date = {August 2012},
	Journal = {Commun. ACM},
	Month = aug,
	Number = {8},
	Numpages = {9},
	Pages = {97--105},
	Publisher = {ACM},
	Title = {Spreadsheet Data Manipulation Using Examples},
	Url = {http://doi.acm.org/10.1145/2240236.2240260},
	Volume = {55},
	Year = {2012},
	Bdsk-Url-1 = {http://doi.acm.org/10.1145/2240236.2240260},
	Bdsk-Url-2 = {http://dx.doi.org/10.1145/2240236.2240260}}

@unpublished{ewd963,
	Author = {Edsger W. Dijkstra},
	Date-Added = {2014-11-23 03:39:16 +0000},
	Date-Modified = {2014-11-24 03:29:48 +0000},
	Month = {June},
	Note = {EWD963},
	Title = {Visuals for BP's Venture Research Conference},
	Year = {1986}}

@inproceedings{lambda2,
	Author = {Feser, John K. and Chaudhuri, Swarat and Dillig, Isil},
	Booktitle = {PLDI'15},
	Date-Added = {2016-01-29 11:57:25 +0000},
	Date-Modified = {2016-01-29 11:58:43 +0000},
	Location = {Portland, OR, USA},
	Numpages = {11},
	Pages = {229--239},
	Publisher = {ACM},
	Title = {Synthesizing Data Structure Transformations from Input-output Examples},
	Year = {2015},
	Bdsk-Url-1 = {http://doi.acm.org/10.1145/2737924.2737977},
	Bdsk-Url-2 = {http://dx.doi.org/10.1145/2737924.2737977}}

@inproceedings{issta00,
	Acmid = {348031},
	Author = {Lev-Ami, Tal and Reps, Thomas and Sagiv, Mooly and Wilhelm, Reinhard},
	Booktitle = {ISSTA '00},
	Date-Added = {2015-07-07 18:24:42 +0000},
	Date-Modified = {2015-07-07 18:30:09 +0000},
	Doi = {10.1145/347324.348031},
	Keywords = {alloy language, constraint solvers, detecting bugs, model checking, relational formulas, static analysis, testing},
	Location = {Portland, Oregon, USA},
	Numpages = {13},
	Pages = {26--38},
	Publisher = {ACM},
	Title = {Putting Static Analysis to Work for Verification: A Case Study},
	Year = {2000},
	Bdsk-Url-1 = {http://doi.acm.org/10.1145/347324.348031},
	Bdsk-Url-2 = {http://dx.doi.org/10.1145/347324.348031}}

@inproceedings{tvla,
	Author = {Tal Lev{-}Ami and Shmuel Sagiv},
	Bibsource = {dblp computer science bibliography, http://dblp.org},
	Biburl = {http://dblp.uni-trier.de/rec/bib/conf/sas/Lev-AmiS00},
	Booktitle = {{SAS} '00},
	Crossref = {DBLP:conf/sas/2000},
	Date-Added = {2015-07-07 18:19:12 +0000},
	Date-Modified = {2015-07-07 18:30:58 +0000},
	Doi = {10.1007/978-3-540-45099-3_15},
	Pages = {280--301},
	Timestamp = {Tue, 21 Jun 2011 16:42:23 +0200},
	Title = {{TVLA:} {A} System for Implementing Static Analyses},
	Year = {2000},
	Bdsk-Url-1 = {http://dx.doi.org/10.1007/978-3-540-45099-3_15}}

@proceedings{DBLP:conf/sas/2000,
	Bibsource = {dblp computer science bibliography, http://dblp.org},
	Date-Added = {2015-07-07 18:19:12 +0000},
	Date-Modified = {2015-07-07 18:21:56 +0000},
	Publisher = {Springer},
	Series = {LNCS},
	Timestamp = {Thu, 03 Jan 2002 12:08:11 +0100},
	Title = {Static Analysis, 7th International Symposium, {SAS} 2000, Santa Barbara, CA, USA, June 29 - July 1, 2000, Proceedings},
	Volume = {1824},
	Year = {2000}}

@inproceedings{oopsla14,
	Author = {Desai, Ankush and Garg, Pranav and Madhusudan, P.},
	Booktitle = {OOPSLA'14},
	Date-Added = {2014-11-07 00:41:42 +0000},
	Date-Modified = {2014-11-07 00:42:26 +0000},
	Numpages = {17},
	Pages = {709--725},
	Publisher = {ACM},
	Title = {Natural Proofs for Asynchronous Programs Using Almost-synchronous Reductions},
	Year = {2014},
	Bdsk-Url-1 = {http://doi.acm.org/10.1145/2660193.2660211},
	Bdsk-Url-2 = {http://dx.doi.org/10.1145/2660193.2660211}}

@inproceedings{Torlak14,
	Author = {Torlak, Emina and Bodik, Rastislav},
	Booktitle = {PLDI'14},
	Date-Added = {2014-11-06 19:16:58 +0000},
	Date-Modified = {2014-11-06 19:17:32 +0000},
	Numpages = {12},
	Pages = {530--541},
	Publisher = {ACM},
	Title = {A Lightweight Symbolic Virtual Machine for Solver-aided Host Languages},
	Year = {2014},
	Bdsk-Url-1 = {http://doi.acm.org/10.1145/2594291.2594340},
	Bdsk-Url-2 = {http://dx.doi.org/10.1145/2594291.2594340}}

@inproceedings{Vechev08,
	Author = {Vechev, Martin and Yahav, Eran},
	Booktitle = {PLDI'08},
	Date-Added = {2014-11-06 15:39:17 +0000},
	Date-Modified = {2014-11-06 15:40:06 +0000},
	Numpages = {11},
	Pages = {125--135},
	Publisher = {ACM},
	Title = {Deriving Linearizable Fine-grained Concurrent Objects},
	Year = {2008},
	Bdsk-Url-1 = {http://doi.acm.org/10.1145/1375581.1375598},
	Bdsk-Url-2 = {http://dx.doi.org/10.1145/1375581.1375598}}

@inproceedings{Vechev07,
	Author = {Vechev, Martin T. and Yahav, Eran and Bacon, David F. and Rinetzky, Noam},
	Booktitle = {PLDI'07},
	Date-Added = {2014-11-06 15:36:53 +0000},
	Date-Modified = {2015-07-07 03:14:22 +0000},
	Numpages = {12},
	Pages = {456--467},
	Publisher = {ACM},
	Title = {{CGCExplorer}: A Semi-automated Search Procedure for Provably Correct Concurrent Collectors},
	Year = {2007},
	Bdsk-Url-1 = {http://doi.acm.org/10.1145/1250734.1250787},
	Bdsk-Url-2 = {http://dx.doi.org/10.1145/1250734.1250787}}

@inproceedings{Chlipala15,
	Author = {Benjamin Delaware and Clement Pit--Claudel and Jason Gross and Adam Chlipala},
	Booktitle = {POPL'15},
	Date-Added = {2014-11-06 06:28:37 +0000},
	Date-Modified = {2015-07-07 03:17:15 +0000},
	Pages = {689--700},
	Publisher = {ACM},
	Title = {Fiat: Deductive Synthesis of Abstract Data Types in a Proof Assistant},
	Year = {2015}}

@inproceedings{Vechev10,
	Author = {Vechev, Martin and Yahav, Eran and Yorsh, Greta},
	Booktitle = {POPL'10},
	Date-Added = {2014-11-06 06:22:03 +0000},
	Date-Modified = {2014-11-06 06:35:38 +0000},
	Pages = {327--338},
	Publisher = {ACM},
	Title = {Abstraction-guided Synthesis of Synchronization},
	Year = {2010},
	Bdsk-Url-1 = {http://doi.acm.org/10.1145/1706299.1706338},
	Bdsk-Url-2 = {http://dx.doi.org/10.1145/1706299.1706338}}

@inproceedings{Vechev09,
	Author = {Martin T. Vechev and Eran Yahav and Greta Yorsh},
	Booktitle = {TACAS'09},
	Date-Added = {2014-11-06 06:18:13 +0000},
	Date-Modified = {2014-11-06 06:20:23 +0000},
	Pages = {139--154},
	Title = {Inferring Synchronization under Limited Observability},
	Year = {2009},
	Bdsk-Url-1 = {http://dx.doi.org/10.1007/978-3-642-00768-2_13}}

@article{Manna80,
	Acmid = {357090},
	Author = {Manna, Zohar and Waldinger, Richard},
	Date-Added = {2014-07-08 04:42:53 +0000},
	Date-Modified = {2014-07-08 04:44:02 +0000},
	Issue_Date = {Jan. 1980},
	Journal = {ACM Trans. Program. Lang. Syst.},
	Number = {1},
	Numpages = {32},
	Pages = {90--121},
	Publisher = {ACM},
	Title = {A Deductive Approach to Program Synthesis},
	Volume = {2},
	Year = {1980},
	Bdsk-Url-1 = {http://doi.acm.org/10.1145/357084.357090},
	Bdsk-Url-2 = {http://dx.doi.org/10.1145/357084.357090}}

@article{Manna79,
	Author = {Z. Manna and R. Waldinger},
	Date-Added = {2014-07-08 04:39:21 +0000},
	Date-Modified = {2014-07-08 04:41:12 +0000},
	Journal = {IEEE Transactions on Software Engineering},
	Number = {4},
	Pages = {294-328},
	Publisher = {IEEE-CS},
	Title = {Synthesis: Dreams => Programs},
	Volume = {5},
	Year = {1979},
	Bdsk-Url-1 = {http://doi.ieeecomputersociety.org/10.1109/TSE.1979.234198}}

@inproceedings{Hawkins11,
	Author = {Hawkins, Peter and Aiken, Alex and Fisher, Kathleen and Rinard, Martin and Sagiv, Mooly},
	Booktitle = {PLDI'11},
	Date-Added = {2014-07-08 02:07:08 +0000},
	Date-Modified = {2014-07-08 02:10:04 +0000},
	Keywords = {composite data structures, synthesis},
	Location = {San Jose, California, USA},
	Numpages = {12},
	Pages = {38--49},
	Publisher = {ACM},
	Title = {Data Representation Synthesis},
	Year = {2011},
	Bdsk-Url-1 = {http://doi.acm.org/10.1145/1993498.1993504},
	Bdsk-Url-2 = {http://dx.doi.org/10.1145/1993498.1993504}}

@inproceedings{storyboard,
	Author = {Singh, Rishabh and Solar-Lezama, Armando},
	Booktitle = {ESEC/FSE'11},
	Date-Added = {2014-07-08 00:02:09 +0000},
	Date-Modified = {2014-07-08 00:02:57 +0000},
	Keywords = {data structure, program synthesis, storyboard programming},
	Location = {Szeged, Hungary},
	Numpages = {11},
	Pages = {289--299},
	Publisher = {ACM},
	Title = {Synthesizing Data Structure Manipulations from Storyboards},
	Year = {2011},
	Bdsk-Url-1 = {http://doi.acm.org/10.1145/2025113.2025153},
	Bdsk-Url-2 = {http://dx.doi.org/10.1145/2025113.2025153}}

@inproceedings{popl11,
	Author = {Madhusudan, P. and Parlato, Gennaro and Qiu, Xiaokang},
	Booktitle = {POPL'11},
	Date-Added = {2014-07-07 23:41:35 +0000},
	Date-Modified = {2014-07-07 23:42:07 +0000},
	Keywords = {automata, combining decision procedures, decidability, heap analysis, monadic second-order logic, smt solvers},
	Location = {Austin, Texas, USA},
	Numpages = {12},
	Pages = {611--622},
	Publisher = {ACM},
	Title = {Decidable Logics Combining Heap Structures and Data},
	Year = {2011},
	Bdsk-Url-1 = {http://doi.acm.org/10.1145/1926385.1926455},
	Bdsk-Url-2 = {http://dx.doi.org/10.1145/1926385.1926455}}

@inproceedings{oopsla13,
	Author = {Kneuss, Etienne and Kuraj, Ivan and Kuncak, Viktor and Suter, Philippe},
	Booktitle = {OOPSLA'13},
	Date-Added = {2014-07-04 19:15:15 +0000},
	Date-Modified = {2014-07-04 19:17:31 +0000},
	Location = {Indianapolis, Indiana, USA},
	Numpages = {20},
	Pages = {407--426},
	Publisher = {ACM},
	Title = {Synthesis Modulo Recursive Functions},
	Year = {2013},
	Bdsk-Url-1 = {http://doi.acm.org/10.1145/2509136.2509555},
	Bdsk-Url-2 = {http://dx.doi.org/10.1145/2509136.2509555}}

@inproceedings{foster,
	Author = {Srivastava, Saurabh and Gulwani, Sumit and Foster, Jeffrey S.},
	Booktitle = {POPL'10},
	Date-Added = {2014-07-04 19:07:27 +0000},
	Date-Modified = {2014-07-04 19:17:45 +0000},
	Location = {Madrid, Spain},
	Numpages = {14},
	Pages = {313--326},
	Publisher = {ACM},
	Title = {From Program Verification to Program Synthesis},
	Year = {2010},
	Bdsk-Url-1 = {http://doi.acm.org/10.1145/1706299.1706337},
	Bdsk-Url-2 = {http://dx.doi.org/10.1145/1706299.1706337}}

@book{wirth,
	Author = {Wirth, Niklaus},
	Date-Added = {2014-07-04 18:52:10 +0000},
	Date-Modified = {2014-07-04 18:52:38 +0000},
	Publisher = {Prentice Hall},
	Title = {Systematic Programming: An Introduction},
	Year = {1973}}

@book{dijkstra,
	Author = {Dijkstra, Edsger W.},
	Date-Added = {2014-07-04 18:45:27 +0000},
	Date-Modified = {2016-07-25 18:04:58 +0000},
	Publisher = {Prentice Hall},
	Title = {A Discipline of Programming},
	Year = {1976}}

@inproceedings{sketch,
	Author = {Solar-Lezama, Armando and Tancau, Liviu and Bodik, Rastislav and Seshia, Sanjit and Saraswat, Vijay},
	Booktitle = {ASPLOS'06},
	Date-Modified = {2014-07-01 04:33:09 +0000},
	Location = {San Jose, California, USA},
	Numpages = {12},
	Pages = {404--415},
	Publisher = {ACM},
	Title = {Combinatorial sketching for finite programs},
	Year = {2006}}

@inproceedings{bit,
	Author = {Solar-Lezama, Armando and Rabbah, Rodric and Bod\'{\i}k, Rastislav and Ebcio\u{g}lu, Kemal},
	Booktitle = {PLDI'05},
	Date-Modified = {2014-07-01 04:34:30 +0000},
	Location = {Chicago, IL, USA},
	Numpages = {14},
	Pages = {281--294},
	Publisher = {ACM},
	Title = {Programming by sketching for bit-streaming programs},
	Year = {2005}}

@inproceedings{stencil,
	Author = {Solar-Lezama, Armando and Arnold, Gilad and Tancau, Liviu and Bodik, Rastislav and Saraswat, Vijay and Seshia, Sanjit},
	Booktitle = {PLDI'07},
	Date-Modified = {2014-07-01 04:35:11 +0000},
	Location = {San Diego, California, USA},
	Numpages = {12},
	Pages = {167--178},
	Publisher = {ACM},
	Title = {Sketching stencils},
	Year = {2007}}

@inproceedings{concurrent,
	Author = {Solar-Lezama, Armando and Jones, Christopher Grant and Bodik, Rastislav},
	Booktitle = {PLDI'08},
	Date-Modified = {2014-07-01 04:35:37 +0000},
	Location = {Tucson, AZ, USA},
	Numpages = {13},
	Pages = {136--148},
	Publisher = {ACM},
	Title = {Sketching concurrent data structures},
	Year = {2008}}

@inproceedings{vcc,
	Author = {Ernie Cohen and Markus Dahlweid and Mark A. Hillebrand and Dirk Leinenbach and Michal Moskal and Thomas Santen and Wolfram Schulte and Stephan Tobies},
	Bibsource = {DBLP, http://dblp.uni-trier.de},
	Booktitle = {TPHOLs'09},
	Crossref = {DBLP:conf/tphol/2009},
	Date-Added = {2012-07-09 21:32:53 -0500},
	Date-Modified = {2012-07-11 00:02:28 -0500},
	Ee = {http://dx.doi.org/10.1007/978-3-642-03359-9_2},
	Pages = {23-42},
	Title = {{VCC}: A Practical System for Verifying Concurrent {C}},
	Year = {2009}}

@proceedings{DBLP:conf/tphol/2009,
	Booktitle = {TPHOLs},
	Date-Added = {2012-07-09 21:32:53 -0500},
	Date-Modified = {2012-07-10 23:58:13 -0500},
	Publisher = {Springer},
	Series = {LNCS},
	Title = {Theorem Proving in Higher Order Logics, 22nd International Conference, TPHOLs 2009, Munich, Germany, August 17-20, 2009. Proceedings},
	Volume = {5674},
	Year = {2009}}

@inproceedings{lics02,
	Author = {Reynolds, J.C.},
	Booktitle = {LICS'02},
	Date-Modified = {2010-11-08 13:43:16 -0600},
	Keywords = {Hoare logic; address arithmetic; heap; imperative programming language; low-level imperative programs; program logic; reasoning; recursive procedures; separation logic; shared mutable data structures; computational complexity; data structures; formal logic;},
	Pages = {55-74},
	Publisher = {IEEE-CS},
	Title = {Separation logic: a logic for shared mutable data structures},
	Year = {2002},
	Bdsk-Url-1 = {http://dx.doi.org/10.1109/LICS.2002.1029817}}

@inproceedings{csl01,
	Author = {Peter W. O'Hearn and John C. Reynolds and Hongseok Yang},
	Bibsource = {DBLP, http://dblp.uni-trier.de},
	Booktitle = {CSL'01},
	Crossref = {DBLP:conf/csl/2001},
	Date-Added = {2011-07-13 04:07:56 -0500},
	Date-Modified = {2011-07-13 04:08:54 -0500},
	Ee = {http://dx.doi.org/10.1007/3-540-44802-0_1},
	Pages = {1-19},
	Title = {Local Reasoning about Programs that Alter Data Structures},
	Year = {2001}}

@proceedings{DBLP:conf/csl/2001,
	Bibsource = {DBLP, http://dblp.uni-trier.de},
	Booktitle = {CSL},
	Date-Added = {2011-07-13 04:07:56 -0500},
	Date-Modified = {2011-07-13 04:09:29 -0500},
	Publisher = {Springer},
	Series = {LNCS},
	Title = {Computer Science Logic, 15th International Workshop, CSL 2001. 10th Annual Conference of the EACSL, Paris, France, September 10-13, 2001, Proceedings},
	Volume = {2142},
	Year = {2001}}

@inproceedings{pldi14,
	Author = {Pek, Edgar and Qiu, Xiaokang and Madhusudan, P.},
	Booktitle = {PLDI'14},
	Date-Added = {2014-07-01 04:18:21 +0000},
	Date-Modified = {2016-01-27 15:58:54 +0000},
	Location = {Edinburgh, United Kingdom},
	Pages = {440--451},
	Publisher = {ACM},
	Title = {Natural Proofs for Data Structure Manipulation in {C} Using Separation Logic},
	Year = {2014},
	Bdsk-Url-1 = {http://doi.acm.org/10.1145/2594291.2594325},
	Bdsk-Url-2 = {http://dx.doi.org/10.1145/2594291.2594325}}

@inproceedings{Qiu13,
	Author = {Xiaokang Qiu and Pranav Garg and Andrei Stefanescu and Parthasarathy Madhusudan},
	Booktitle = {PLDI '13},
	Date-Modified = {2014-07-01 04:19:22 +0000},
	Pages = {231-242},
	Publisher = {ACM},
	Title = {Natural proofs for structure, data, and separation},
	Year = {2013}}

@inproceedings{Moura09,
	Author = {Leonardo Mendon\c{c}a de Moura and Nikolaj Bj{\o}rner},
	Booktitle = {FMCAD'09},
	Date-Modified = {2014-03-13 20:17:59 +0000},
	Pages = {45-52},
	Title = {Generalized, efficient array decision procedures},
	Year = {2009}}

@inproceedings{Cohen10,
	Author = {Cohen, Ernie and Dahlweid, Markus and Hillebrand, Mark and Leinenbach, Dirk and Moskal, Micha\l and Santen, Thomas and Schulte, Wolfram and Tobies, Stephan},
	Booktitle = {TPHOLs'09},
	Date-Modified = {2014-03-13 20:13:06 +0000},
	Pages = {23--42},
	Title = {{V}{C}{C}: A Practical System for Verifying Concurrent {C}},
	Year = {2009}}

@inproceedings{Jacobs2011a,
	Author = {Jacobs, Bart and Smans, Jan and Philippaerts, Pieter and Vogels, Fr{\'e}d{\'e}ric and Penninckx, Willem and Piessens, Frank},
	Booktitle = {NFM'11},
	Date-Modified = {2014-03-13 20:15:08 +0000},
	Pages = {41--55},
	Title = {VeriFast: a powerful, sound, predictable, fast verifier for {C} and {J}ava},
	Year = {2011}}

@inproceedings{LeGoues2011,
	Author = {Le Goues, Claire and Leino, K. Rustan M. and Moskal, Michal},
	Booktitle = {SEFM'11},
	Pages = {407--414},
	Title = {The {B}oogie verification debugger},
	Year = {2011}}

@inproceedings{Itzhaky2013,
	Author = {Shachar Itzhaky and Anindya Banerjee and Neil Immerman and Aleksandar Nanevski and Mooly Sagiv},
	Booktitle = {CAV},
	Pages = {756-772},
	Title = {Effectively-Propositional Reasoning about Reachability in Linked Data Structures},
	Year = {2013}}

@inproceedings{Bradley06,
	Author = {Aaron R. Bradley and Zohar Manna and Henny B. Sipma},
	Booktitle = {VMCAI'06},
	Date-Modified = {2014-03-13 19:08:45 +0000},
	Title = {What's Decidable About Arrays?},
	Year = {2006}}

@article{Verifast13,
	Author = {Pieter Philippaerts and Jan Tobias M{\"u}hlberg and Willem Penninckx and Jan Smans and Bart Jacobs and Frank Piessens},
	Date-Modified = {2014-03-13 20:22:44 +0000},
	Journal = {Sci. Comput. Program.},
	Pages = {77--97},
	Title = {{S}oftware verification with {V}eri{F}ast: {I}ndustrial case studies},
	Volume = {82},
	Year = {2014}}

@inproceedings{Mai13,
	Author = {Mai, Haohui and Pek, Edgar and Xue, Hui and King, Samuel Talmadge and Madhusudan, Parthasarathy},
	Booktitle = {ASPLOS '13},
	Pages = {293--304},
	Title = {Verifying Security Invariants in {E}xpress{OS}},
	Year = {2013}}

@inproceedings{Piskac13,
	Author = {Ruzica Piskac and Thomas Wies and Damien Zufferey},
	Booktitle = {CAV'13},
	Date-Modified = {2014-03-13 20:23:03 +0000},
	Title = {Automating Separation Logic Using SMT},
	Year = {2013}}

@misc{svcomp2014,
	Author = {Dirk Beyer},
	Date-Modified = {2014-03-13 20:26:32 +0000},
	Title = {Competition on Software Verification (SV-COMP)},
	Url = {http://sv-comp.sosy-lab.org/2014/},
	Year = {2013},
	Bdsk-Url-1 = {http://sv-comp.sosy-lab.org/2014/index.php},
	Bdsk-Url-2 = {http://sv-comp.sosy-lab.org/2014/}}

@inproceedings{Leino10,
	Author = {Leino, K. Rustan M.},
	Booktitle = {LPAR-16},
	Date-Modified = {2014-03-13 20:17:01 +0000},
	Pages = {348--370},
	Title = {Dafny: An Automatic Program Verifier for Functional Correctness},
	Year = {2010}}

@inproceedings{Condit09,
	Author = {Condit, Jeremy and Hackett, Brian and Lahiri, Shuvendu K. and Qadeer, Shaz},
	Booktitle = {POPL'09},
	Date-Modified = {2014-03-13 19:07:56 +0000},
	Pages = {302--314},
	Title = {Unifying Type Checking and Property Checking for Low-level Code},
	Year = {2009}}

@inproceedings{Barnett05,
	Author = {Barnett, Mike and Chang, Bor-Yuh Evan and DeLine, Robert and Jacobs, Bart and Leino, K. Rustan M.},
	Booktitle = {FMCO'05},
	Pages = {364--387},
	Title = {{B}oogie: A Modular Reusable Verifier for Object-oriented Programs},
	Year = {2006}}

@inproceedings{Distefano08,
	Author = {Distefano, Dino and Parkinson J, Matthew J.},
	Booktitle = {OOPSLA '08},
	Pages = {213--226},
	Title = {j{S}tar: Towards Practical Verification for {J}ava},
	Year = {2008}}

@inproceedings{Berdine05,
	Author = {Berdine, Josh and Calcagno, Cristiano and O'Hearn, Peter W.},
	Booktitle = {FMCO'05},
	Pages = {115--137},
	Title = {Smallfoot: Modular Automatic Assertion Checking with Separation Logic},
	Year = {2006}}

@inproceedings{OHearn01,
	Author = {Peter W. O'Hearn and John C. Reynolds and Hongseok Yang},
	Booktitle = {CSL'01},
	Date-Modified = {2014-03-13 20:18:36 +0000},
	Pages = {1-19},
	Title = {Local Reasoning about Programs that Alter Data Structures},
	Year = {2001}}

@inproceedings{Reynolds02,
	Author = {Reynolds, John C.},
	Booktitle = {LICS'02},
	Date-Modified = {2014-03-13 20:23:48 +0000},
	Pages = {55--74},
	Title = {Separation Logic: A Logic for Shared Mutable Data Structures},
	Year = {2002}}

@inproceedings{Berdine04,
	Author = {Josh Berdine and Cristiano Calcagno and Peter W. O'Hearn},
	Booktitle = {FSTTCS},
	Pages = {97-109},
	Title = {A Decidable Fragment of Separation Logic},
	Year = {2004}}

@inproceedings{Berdine05a,
	Author = {Josh Berdine and Cristiano Calcagno and Peter W. O'Hearn},
	Booktitle = {APLAS'05},
	Date-Modified = {2014-03-13 19:08:23 +0000},
	Pages = {52-68},
	Title = {Symbolic Execution with Separation Logic},
	Year = {2005}}

@inproceedings{Iosif13,
	Author = {Radu Iosif and Adam Rogalewicz and Jir\'{\i} Sim{\'a}cek},
	Booktitle = {CADE-24},
	Date-Modified = {2014-03-13 20:14:54 +0000},
	Pages = {21-38},
	Title = {The Tree Width of Separation Logic with Recursive Definitions},
	Year = {2013}}

@inproceedings{Moller01,
	Author = {Anders M\o{}ller and Michael I. Schwartzbach},
	Booktitle = {PLDI'01},
	Date-Modified = {2014-03-13 20:17:22 +0000},
	Month = {June},
	Title = {The Pointer Assertion Logic Engine},
	Year = {2001}}

@inproceedings{Haase13,
	Author = {Christoph Haase and Samin Ishtiaq and Jo{\"e}l Ouaknine and Matthew J. Parkinson},
	Booktitle = {CAV'13},
	Date-Modified = {2014-03-13 20:14:10 +0000},
	Pages = {790-795},
	Title = {{S}e{L}oger: A Tool for Graph-Based Reasoning in Separation Logic},
	Year = {2013}}

@article{Chin12,
	Author = {Chin, Wei-Ngan and David, Cristina and Nguyen, Huu Hai and Qin, Shengchao},
	Journal = {Sci. Comput. Program.},
	Pages = {1006--1036},
	Title = {Automated Verification of Shape, Size and Bag Properties via User-defined Predicates in Separation Logic},
	Year = {2012}}

@inproceedings{Cook11,
	Author = {Byron Cook and Christoph Haase and Jo{\"e}l Ouaknine and Matthew J. Parkinson and James Worrell},
	Booktitle = {CONCUR'11},
	Date-Modified = {2014-03-13 19:09:08 +0000},
	Pages = {235-249},
	Title = {Tractable Reasoning in a Fragment of Separation Logic},
	Year = {2011}}

@inproceedings{Madhu12,
	Author = {P. Madhusudan and Xiaokang Qiu and Andrei Stefanescu},
	Booktitle = {POPL'12},
	Date-Modified = {2016-07-26 15:03:28 +0000},
	Pages = {123-136},
	Publisher = {ACM},
	Title = {Recursive proofs for inductive tree data-structures},
	Year = {2012}}

@inproceedings{Ge09,
	Author = {Yeting Ge and Leonardo Mendon\c{c}a de Moura},
	Booktitle = {CAV'09},
	Date-Modified = {2014-03-13 20:13:58 +0000},
	Pages = {306-320},
	Title = {Complete Instantiation for Quantified Formulas in Satisfiabiliby Modulo Theories},
	Year = {2009}}

@inproceedings{Suter11,
	Author = {Philippe Suter and Ali Sinan K{\"o}ksal and Viktor Kuncak},
	Booktitle = {SAS'11},
	Date-Modified = {2014-03-13 20:24:28 +0000},
	Pages = {298-315},
	Title = {Satisfiability Modulo Recursive Programs},
	Year = {2011}}

@inproceedings{Suter10,
	Author = {Philippe Suter and Mirco Dotta and Viktor Kuncak},
	Booktitle = {POPL'10},
	Date-Modified = {2014-03-13 20:24:20 +0000},
	Pages = {199-210},
	Title = {Decision procedures for algebraic data types with abstractions},
	Year = {2010}}

@inproceedings{Perez11,
	Author = {Navarro P{\'e}rez, Juan Antonio and Rybalchenko, Andrey},
	Booktitle = {PLDI'11},
	Date-Modified = {2014-03-13 20:18:20 +0000},
	Pages = {556--566},
	Series = {PLDI '11},
	Title = {Separation Logic + Superposition Calculus = Heap Theorem Prover},
	Year = {2011}}

@inproceedings{Cohen13,
	Author = {Ernie Cohen and Wolfgang J. Paul and Sabine Schmaltz},
	Booktitle = {SOFSEM'13},
	Date-Modified = {2014-03-13 19:06:11 +0000},
	Pages = {1-27},
	Title = {Theory of Multi Core Hypervisor Verification},
	Year = {2013}}

@inproceedings{Yang10,
	Author = {Jean Yang and Chris Hawblitzel},
	Booktitle = {PLDI'10},
	Date-Modified = {2014-03-13 20:24:38 +0000},
	Pages = {99-110},
	Title = {Safe to the last instruction: automated verification of a type-safe operating system},
	Year = {2010}}

@article{Cohen09,
	Author = {Cohen, Ernie and Moskal, Micha\l and Tobies, Stephan and Schulte, Wolfram},
	Journal = {Electron. Notes Theor. Comput. Sci.},
	Pages = {85--103},
	Title = {A Precise Yet Efficient Memory Model For {C}},
	Year = {2009}}

@inproceedings{Chlipala11,
	Author = {Chlipala, Adam},
	Booktitle = {PLDI '11},
	Pages = {234--245},
	Title = {Mostly-automated Verification of Low-level Programs in Computational Separation Logic},
	Year = {2011}}

@inproceedings{Rondon08,
	Author = {Patrick Maxim Rondon and Ming Kawaguchi and Ranjit Jhala},
	Booktitle = {PLDI'08},
	Date-Modified = {2014-03-13 20:23:58 +0000},
	Pages = {159-169},
	Title = {Liquid Types},
	Year = {2008}}

@phdthesis{RondonThesis12,
	Author = {Patrick Maxim Rondon},
	School = {UCSD},
	Title = {Liquid Types},
	Year = {2012}}

@inproceedings{Rondon10,
	Author = {Patrick Maxim Rondon and Ming Kawaguchi and Ranjit Jhala},
	Booktitle = {POPL'10},
	Date-Modified = {2014-03-13 20:24:06 +0000},
	Pages = {131-144},
	Title = {Low-level Liquid Types},
	Year = {2010}}

@inproceedings{Kawaguchi09,
	Author = {Ming Kawaguchi and Patrick Maxim Rondon and Ranjit Jhala},
	Booktitle = {PLDI'09},
	Date-Modified = {2014-03-13 20:15:21 +0000},
	Pages = {304-315},
	Title = {Type-based Data Structure Verification},
	Year = {2009}}

@inproceedings{Flanagan01,
	Author = {Flanagan, Cormac and Leino, K. Rustan M.},
	Booktitle = {FME '01},
	Date-Modified = {2014-03-15 03:48:30 +0000},
	Pages = {500--517},
	Title = {Houdini, an Annotation Assistant for {ESC}/{J}ava},
	Year = {2001}}

@inproceedings{petrashko17,
	Acmid = {3062346},
	Address = {New York, NY, USA},
	Author = {Petrashko, Dmitry and Lhot\'{a}k, Ond\v{r}ej and Odersky, Martin},
	Booktitle = {Proceedings of the 38th ACM SIGPLAN Conference on Programming Language Design and Implementation},
	Doi = {10.1145/3062341.3062346},
	Isbn = {978-1-4503-4988-8},
	Keywords = {cache locality, compiler performance, tree traversal fusion},
	Location = {Barcelona, Spain},
	Numpages = {16},
	Pages = {201--216},
	Publisher = {ACM},
	Series = {PLDI 2017},
	Title = {Miniphases: Compilation Using Modular and Efficient Tree Transformations},
	Url = {http://doi.acm.org/10.1145/3062341.3062346},
	Year = {2017},
	Bdsk-Url-1 = {http://doi.acm.org/10.1145/3062341.3062346},
	Bdsk-Url-2 = {http://dx.doi.org/10.1145/3062341.3062346}}

@inproceedings{rajbhandari2016sc,
	Acmid = {3014958},
	Address = {Piscataway, NJ, USA},
	Articleno = {40},
	Author = {Rajbhandari, Samyam and Kim, Jinsung and Krishnamoorthy, Sriram and Pouchet, Louis-Noel and Rastello, Fabrice and Harrison, Robert J. and Sadayappan, P.},
	Booktitle = {Proceedings of the International Conference for High Performance Computing, Networking, Storage and Analysis},
	Isbn = {978-1-4673-8815-3},
	Location = {Salt Lake City, Utah},
	Numpages = {12},
	Pages = {40:1--40:12},
	Publisher = {IEEE Press},
	Series = {SC '16},
	Title = {A Domain-specific Compiler for a Parallel Multiresolution Adaptive Numerical Simulation Environment},
	Url = {http://dl.acm.org/citation.cfm?id=3014904.3014958},
	Year = {2016},
	Bdsk-Url-1 = {http://dl.acm.org/citation.cfm?id=3014904.3014958}}

@article{Saarikivi17,
	Acmid = {3062362},
	Address = {New York, NY, USA},
	Author = {Saarikivi, Olli and Veanes, Margus and Mytkowicz, Todd and Musuvathi, Madan},
	Doi = {10.1145/3140587.3062362},
	Issn = {0362-1340},
	Issue_Date = {June 2017},
	Journal = {SIGPLAN Not.},
	Keywords = {comprehension, deforestation, fusion, reachability analysis, symbolic automaton, symbolic transducer},
	Month = jun,
	Number = {6},
	Numpages = {16},
	Pages = {17--32},
	Publisher = {ACM},
	Title = {Fusing Effectful Comprehensions},
	Url = {http://doi.acm.org/10.1145/3140587.3062362},
	Volume = {52},
	Year = {2017},
	Bdsk-Url-1 = {http://doi.acm.org/10.1145/3140587.3062362},
	Bdsk-Url-2 = {http://dx.doi.org/10.1145/3140587.3062362}}

@article{maletti08,
	Acmid = {1410833},
	Address = {Duluth, MN, USA},
	Author = {Maletti, Andreas},
	Doi = {10.1016/j.ic.2008.03.019},
	Issn = {0890-5401},
	Issue_Date = {September, 2008},
	Journal = {Inf. Comput.},
	Keywords = {Bimorphism, Composition, Natural language processing, Tree transducer, Tree transformation},
	Month = sep,
	Number = {9-10},
	Numpages = {10},
	Pages = {1187--1196},
	Publisher = {Academic Press, Inc.},
	Title = {Compositions of Extended Top-down Tree Transducers},
	Url = {http://dx.doi.org/10.1016/j.ic.2008.03.019},
	Volume = {206},
	Year = {2008},
	Bdsk-Url-1 = {http://dx.doi.org/10.1016/j.ic.2008.03.019}}

@article{engelfriet02,
	Acmid = {639549},
	Address = {Orlando, FL, USA},
	Author = {Engelfriet, Joost and Maneth, Sebastian},
	Doi = {10.1006/jcss.2001.1816},
	Issn = {0022-0000},
	Issue_Date = {March 2002},
	Journal = {J. Comput. Syst. Sci.},
	Keywords = {formal language hierarchies, macro tree transducers},
	Month = mar,
	Number = {2},
	Numpages = {46},
	Pages = {350--395},
	Publisher = {Academic Press, Inc.},
	Title = {Output String Languages of Compositions of Deterministic Macro Tree Transducers},
	Url = {http://dx.doi.org/10.1006/jcss.2001.1816},
	Volume = {64},
	Year = {2002},
	Bdsk-Url-1 = {http://dx.doi.org/10.1006/jcss.2001.1816}}

@inproceedings{ghiya98,
	Acmid = {727598},
	Address = {London, UK, UK},
	Author = {Ghiya, Rakesh and Hendren, Laurie J. and Zhu, Yingchun},
	Booktitle = {Proceedings of the 7th International Conference on Compiler Construction},
	Isbn = {3-540-64304-4},
	Numpages = {15},
	Pages = {159--173},
	Publisher = {Springer-Verlag},
	Series = {CC '98},
	Title = {Detecting Parallelism in C Programs with Recursive Darta Structures},
	Url = {http://dl.acm.org/citation.cfm?id=647474.727598},
	Year = {1998},
	Bdsk-Url-1 = {http://dl.acm.org/citation.cfm?id=647474.727598}}
